%%%%%%%%%%%%%%%%%%%%%%%%%%%%%%%%%%%%%%%%%%%%%%%%%%%%%%%%%%%%%%%%%%%%%%%%%%%%%%
% Published (or pre-print) articles
%%%%%%%%%%%%%%%%%%%%%%%%%%%%%%%%%%%%%%%%%%%%%%%%%%%%%%%%%%%%%%%%%%%%%%%%%%%%%%

%
% These entries are based on the BibTeX export from the NASA ADS database with
% minor changes to make the entries correspond better to the preferred standard
% BibLaTeX entries. Namely,
%
%     archivePrefix = "arXiv"      ->  eprinttype = {arxiv}
%     primaryClass = "astro-ph.CO  ->  eprintclass = {astro-ph.CO}
%
% Other changes which should be made consistently:
%
%   1. ADS entries for SPIE proceedings are formatted poorly. Change:
%
%      a. `booktitle = {{Proceedings of SPIE}}`
%      b. Delete `pages = {1}` if found
%
%   2. Replace experiment names with appropriate macros to guarantee the
%      preferred formatting in pre-print.
%
%        BICEP               -> \bicep
%        BICEP1              -> \bicepone
%        BICEP2              -> \biceptwo
%        Keck                -> \keck
%        Keck Array          -> \keckarray
%        BICEP/Keck Array    -> \bicepkeck
%        BICEP3              -> \bicepthr
%        Planck              -> \planck
%        SPIDER              -> \spider
%
% The author lists in many cases have also been completely commented out and
% replaced with just the collaboration designation as is standard for our group
% (as well as other large collaborations such as Planck).
%

@inproceedings{yoon2006,
       author = {
                {Yoon}, K.~W. and {Ade}, P.~A.~R. and {Barkats}, D. and
                {Battle}, J.~O. and {Bierman}, E.~M. and {Bock}, J.~J. and
                {Brevik}, J.~A. and {Chiang}, H.~C. and {Crites}, A. and
                {Dowell}, C.~D. and {Duband}, L. and {Griffin}, G.~S. and
                {Hivon}, E.~F. and {Holzapfel}, W.~L. and {Hristov}, V.~V. and
                {Keating}, B.~G. and {Kovac}, J.~M. and {Kuo}, C.~L. and
                {Lange}, A.~E. and {Leitch}, E.~M. and {Mason}, P.~V. and
                {Nguyen}, H.~T. and {Ponthieu}, N. and {Takahashi}, Y.~D. and
                {Renbarger}, T. and {Weintraub}, L.~C. and {Woolsey}, D.},
        title = "{The Robinson Gravitational Wave Background Telescope (\bicep): a bolometric large angular scale CMB polarimeter}",
    booktitle = {{Proceedings of SPIE}},
         year = 2006,
       series = {Society of Photo-Optical Instrumentation Engineers (SPIE) Conference Series},
       volume = 6275,
   eprinttype = {arxiv},
       eprint = {astro-ph/0606278},
        month = jun,
          eid = {62751K},
          doi = {10.1117/12.672652},
       adsurl = {http://adsabs.harvard.edu/abs/2006SPIE.6275E..1KY},
      adsnote = {Provided by the SAO/NASA Astrophysics Data System},
   annotation = {{
        More detailed low-level instrument descriptions (e.g.~detector,
        cryostat, etc) than provided in \cite{takahashi2010} for the 2-year
        analysis result.
   }}
}

@article{chiang2010,
     author = {
              {Chiang}, H.~C. and {Ade}, P.~A.~R. and {Barkats}, D. and
              {Battle}, J.~O. and {Bierman}, E.~M. and {Bock}, J.~J. and
              {Dowell}, C.~D. and {Duband}, L. and {Hivon}, E.~F. and
              {Holzapfel}, W.~L. and {Hristov}, V.~V. and {Jones}, W.~C. and
              {Keating}, B.~G. and {Kovac}, J.~M. and {Kuo}, C.~L. and {Lange},
              A.~E. and {Leitch}, E.~M. and {Mason}, P.~V. and {Matsumura}, T.
              and {Nguyen}, H.~T. and {Ponthieu}, N. and {Pryke}, C. and
              {Richter}, S. and {Rocha}, G. and {Sheehy}, C. and {Takahashi},
              Y.~D. and {Tolan}, J.~E. and {Yoon}, K.~W.
              },
      title = "{Measurement of Cosmic Microwave Background Polarization Power Spectra from Two Years of \bicep\ Data}",
    journal = {\apj},
 eprinttype = {arxiv},
     eprint = {0906.1181},
eprintclass = {astro-ph.CO},
   keywords = {bicepkeck,bicep1,results},
       year = 2010,
      month = mar,
     volume = 711,
      pages = {1123-1140},
        doi = {10.1088/0004-637X/711/2/1123},
     adsurl = {http://adsabs.harvard.edu/abs/2010ApJ...711.1123C},
    adsnote = {Provided by the SAO/NASA Astrophysics Data System},
 annotation = {{
      The original 2-year results \bicepone\ paper. In particular, useful for
      formally defining the map-making procedure in terms of linear
      combinations of $T$, $Q$, and $U$ Stokes parameters.
 }}
}

@article{takahashi2010,
       author = {
                {Takahashi}, Y.~D. and {Ade}, P.~A.~R. and {Barkats}, D. and
                {Battle}, J.~O. and {Bierman}, E.~M. and {Bock}, J.~J. and
                {Chiang}, H.~C. and {Dowell}, C.~D. and {Duband}, L. and
                {Hivon}, E.~F. and {Holzapfel}, W.~L. and {Hristov}, V.~V. and
                {Jones}, W.~C. and {Keating}, B.~G. and {Kovac}, J.~M. and
                {Kuo}, C.~L. and {Lange}, A.~E. and {Leitch}, E.~M. and
                {Mason}, P.~V. and {Matsumura}, T. and {Nguyen}, H.~T. and
                {Ponthieu}, N. and {Pryke}, C. and {Richter}, S. and {Rocha},
                G. and {Yoon}, K.~W.
                },
        title = "{Characterization of the \bicep\ Telescope for High-precision Cosmic Microwave Background Polarimetry}",
      journal = {\apj},
   eprinttype = {arxiv},
       eprint = {0906.4069},
  eprintclass = {astro-ph.CO},
     keywords = {bicepkeck,bicep1,instrument},
         year = 2010,
        month = mar,
       volume = 711,
        pages = {1141-1156},
          doi = {10.1088/0004-637X/711/2/1141},
       adsurl = {http://adsabs.harvard.edu/abs/2010ApJ...711.1141T},
      adsnote = {Provided by the SAO/NASA Astrophysics Data System},
   annotation = {{
        The instrument paper describing the \bicepone\ experiment. It
        accompanies the \cite{barkats2014} results paper.
   }}
}

@inproceedings{sheehy2010,
       author = {
                {Sheehy}, C.~D. and {Ade}, P.~A.~R. and {Aikin}, R.~W. and
                {Amiri}, M. and {Benton}, S. and {Bischoff}, C. and {Bock},
                J.~J. and {Bonetti}, J.~A. and {Brevik}, J.~A. and {Burger}, B.
                and {Dowell}, C.~D. and {Duband}, L. and {Filippini}, J.~P. and
                {Golwala}, S.~R. and {Halpern}, M. and {Hasselfield}, M. and
                {Hilton}, G. and {Hristov}, V.~V. and {Irwin}, K. and
                {Kaufman}, J.~P. and {Keating}, B.~G. and {Kovac}, J.~M. and
                {Kuo}, C.~L. and {Lange}, A.~E. and {Leitch}, E.~M. and
                {Lueker}, M. and {Netterfield}, C.~B. and {Nguyen}, H.~T. and
                {Ogburn}, IV, R.~W. and {Orlando}, A. and {Pryke}, C.~L. and
                {Reintsema}, C. and {Richter}, S. and {Ruhl}, J.~E. and
                {Runyan}, M.~C. and {Staniszewski}, Z. and {Stokes}, S. and
                {Sudiwala}, R. and {Teply}, G. and {Thompson}, K.~L. and
                {Tolan}, J.~E. and {Turner}, A.~D. and {Wilson}, P. and {Wong},
                C.~L.
                },
        title = "{The \keckarray: a pulse tube cooled CMB polarimeter}",
    booktitle = {{Proceedings of SPIE}},
         year = 2010,
       volume = 7741,
        month = jul,
          eid = {77411R},
          doi = {10.1117/12.857871},
       adsurl = {http://adsabs.harvard.edu/abs/2010SPIE.7741E..1RS},
       asnote = {Provided by the SAO/NASA Astrophysics Data System},
   annotation = {{
        Conference proceedings referenced in \cite{bk_v} that give complete
        description of the \keck\ cryostats.
   }}
}

@inproceedings{ogburn2010,
       author = {
                 {Ogburn}, IV, R.~W. and {Ade}, P.~A.~R. and {Aikin}, R.~W. and
                 {Amiri}, M. and {Benton}, S.~J. and {Bock}, J.~J. and
                 {Bonetti}, J.~A. and {Brevik}, J.~A. and {Burger}, B. and
                 {Dowell}, C.~D. and {Duband}, L. and {Filippini}, J.~P. and
                 {Golwala}, S.~R. and {Halpern}, M. and {Hasselfield}, M. and
                 {Hilton}, G. and {Hristov}, V.~V. and {Irwin}, K. and
                 {Kaufman}, J.~P. and {Keating}, B.~G. and {Kovac}, J.~M. and
                 {Kuo}, C.~L. and {Lange}, A.~E. and {Leitch}, E.~M. and
                 {Netterfield}, C.~B. and {Nguyen}, H.~T. and {Orlando}, A. and
                 {Pryke}, C.~L. and {Reintsema}, C. and {Richter}, S. and
                 {Ruhl}, J.~E. and {Runyan}, M.~C. and {Sheehy}, C.~D. and
                 {Staniszewski}, Z.~K. and {Stokes}, S.~A. and {Sudiwala},
                 R.~V. and {Teply}, G.~P. and {Tolan}, J.~E. and {Turner},
                 A.~D. and {Wilson}, P. and {Wong}, C.~L.
                },
        title = "{The \biceptwo\ CMB polarization experiment}",
    booktitle = {{Proceedings of SPIE}},
         year = 2010,
       volume = 7741,
        month = jul,
          eid = {77411G},
        pages = {77411G},
          doi = {10.1117/12.857864},
       adsurl = {http://adsabs.harvard.edu/abs/2010SPIE.7741E..1GO},
      adsnote = {Provided by the SAO/NASA Astrophysics Data System}
}

@article{barkats2014,
       author = {
                {Barkats}, D. and {Aikin}, R. and {Bischoff}, C. and {Buder},
                I. and {Kaufman}, J.~P. and {Keating}, B.~G. and {Kovac},
                J.~M. and {Su}, M. and {Ade}, P.~A.~R. and {Battle}, J.~O. and
                {Bierman}, E.~M. and {Bock}, J.~J. and {Chiang}, H.~C. and
                {Dowell}, C.~D. and {Duband}, L. and {Filippini}, J. and
                {Hivon}, E.~F. and {Holzapfel}, W.~L. and {Hristov}, V.~V. and
                {Jones}, W.~C. and {Kuo}, C.~L. and {Leitch}, E.~M. and
                {Mason}, P.~V. and {Matsumura}, T. and {Nguyen}, H.~T. and
                {Ponthieu}, N. and {Pryke}, C. and {Richter}, S. and {Rocha},
                G. and {Sheehy}, C. and {Kernasovskiy}, S.~S. and {Takahashi},
                Y.~D. and {Tolan}, J.~E. and {Yoon}, K.~W.
                },
        title = "{Degree-scale Cosmic Microwave Background Polarization Measurements from Three Years of \bicepone\ Data}",
      journal = {\apj},
          doi = {10.1088/0004-637X/783/2/67},
   eprinttype = {arxiv},
       eprint = {1310.1422},
     keywords = {bicepkeck,bicep1,cosmology,results},
         year = 2014,
        month = mar,
       volume = 783,
          eid = {67},
        pages = {67},
       adsurl = {http://adsabs.harvard.edu/abs/2014ApJ...783...67B},
      adsnote = {Provided by the SAO/NASA Astrophysics Data System}
}



@article{bk_i,
%       author = {
%                {Ade}, P.~A.~R. and {Aikin}, R.~W. and {Barkats}, D. and
%                {Benton}, S.~J. and {Bischoff}, C.~A. and {Bock}, J.~J. and
%                {Brevik}, J.~A. and {Buder}, I. and {Bullock}, E. and {Dowell},
%                C.~D. and {Duband}, L. and {Filippini}, J.~P. and {Fliescher},
%                S. and {Golwala}, S.~R. and {Halpern}, M. and {Hasselfield}, M.
%                and {Hildebrandt}, S.~R. and {Hilton}, G.~C. and {Hristov},
%                V.~V. and {Irwin}, K.~D. and {Karkare}, K.~S. and {Kaufman},
%                J.~P. and {Keating}, B.~G. and {Kernasovskiy}, S.~A. and
%                {Kovac}, J.~M. and {Kuo}, C.~L. and {Leitch}, E.~M. and
%                {Lueker}, M. and {Mason}, P. and {Netterfield}, C.~B. and
%                {Nguyen}, H.~T. and {O'Brient}, R. and {Ogburn}, R.~W. and
%                {Orlando}, A. and {Pryke}, C. and {Reintsema}, C.~D. and
%                {Richter}, S. and {Schwarz}, R. and {Sheehy}, C.~D. and
%                {Staniszewski}, Z.~K. and {Sudiwala}, R.~V. and {Teply}, G.~P.
%                and {Tolan}, J.~E. and {Turner}, A.~D. and {Vieregg}, A.~G. and
%                {Wong}, C.~L. and {Yoon}, K.~W.
%                },
       author = {{The \biceptwo\ Collaboration}},
  shortauthor = {{BK~I}},
        title = "{\biceptwo\ I: Detection of B-Mode Polarization at Degree Angular Scales by \biceptwo}",
      journal = {\prl},
          doi = {10.1103/PhysRevLett.112.241101},
   eprinttype = {arxiv},
       eprint = {1403.3985},
  eprintclass = {astro-ph.CO},
     keywords = {bicepkeck,bicep2,cosmology,results},
         year = 2014,
        month = jun,
       volume = 112,
       number = 24,
          eid = {241101},
        pages = {241101},
       adsurl = {http://adsabs.harvard.edu/abs/2014PhRvL.112x1101A},
      adsnote = {Provided by the SAO/NASA Astrophysics Data System}
}

@inproceedings{ahmed2014,
       author = {
                {Ahmed}, Z. and {Amiri}, M. and {Benton}, S.~J. and {Bock}, J.~J.
                and {Bowens-Rubin}, R. and {Buder}, I. and {Bullock}, E. and
                {Connors}, J. and {Filippini}, J.~P. and {Grayson}, J.~A. and
                {Halpern}, M. and {Hilton}, G.~C. and {Hristov}, V.~V. and {Hui},
                H. and {Irwin}, K.~D. and {Kang}, J. and {Karkare}, K.~S. and
                {Karpel}, E. and {Kovac}, J.~M. and {Kuo}, C.~L. and
                {Netterfield}, C.~B. and {Nguyen}, H.~T. and {O'Brient}, R. and
                {Ogburn}, R.~W. and {Pryke}, C. and {Reintsema}, C.~D. and
                {Richter}, S. and {Thompson}, K.~L. and {Turner}, A.~D. and
                {Vieregg}, A.~G. and {Wu}, W.~L.~K. and {Yoon}, K.~W.
                },
        title = "{\bicep3: a 95GHz refracting telescope for degree-scale CMB polarization}",
    booktitle = {{Proceedings of SPIE}},
         year = 2014,
       volume = 9153,
   eprinttype = {arxiv},
       eprint = {1407.5928},
  eprintclass = {astro-ph.IM},
        month = aug,
          eid = {91531N},
          doi = {10.1117/12.2057224},
       adsurl = {http://adsabs.harvard.edu/abs/2014SPIE.9153E..1NA},
      adsnote = {Provided by the SAO/NASA Astrophysics Data System},
   annotation = {{
        Primary paper as of mid-2015 that gives description of the \bicepthr
        instrument.
   }}
}

@article{bk_ii,
%       author = {
%                {Ade}, P.~A.~R. and {Aikin}, R.~W. and {Amiri}, M. and
%                {Barkats}, D. and {Benton}, S.~J. and {Bischoff}, C.~A. and
%                {Bock}, J.~J. and {Brevik}, J.~A. and {Buder}, I. and
%                {Bullock}, E. and {Davis}, G. and {Day}, P.~K. and {Dowell},
%                C.~D. and {Duband}, L. and {Filippini}, J.~P. and {Fliescher},
%                S. and {Golwala}, S.~R. and {Halpern}, M. and {Hasselfield}, M.
%                and {Hildebrandt}, S.~R. and {Hilton}, G.~C. and {Irwin}, K.~D.
%                and {Karkare}, K.~S. and {Kaufman}, J.~P. and {Keating}, B.~G.
%                and {Kernasovskiy}, S.~A. and {Kovac}, J.~M. and {Kuo}, C.~L.
%                and {Leitch}, E.~M. and {Llombart}, N. and {Lueker}, M. and
%                {Netterfield}, C.~B. and {Nguyen}, H.~T. and {O'Brient}, R. and
%                {Ogburn}, IV, R.~W. and {Orlando}, A. and {Pryke}, C. and
%                {Reintsema}, C.~D. and {Richter}, S. and {Schwarz}, R. and
%                {Sheehy}, C.~D. and {Staniszewski}, Z.~K. and {Story}, K.~T.
%                and {Sudiwala}, R.~V. and {Teply}, G.~P. and {Tolan}, J.~E. and
%                {Turner}, A.~D. and {Vieregg}, A.~G. and {Wilson}, P. and
%                {Wong}, C.~L. and {Yoon}, K.~W.
%                },
       author = {{The \biceptwo\ Collaboration}},
  shortauthor = {{BK~II}},
        title = "{\biceptwo\ II: Experiment and three-year Data Set}",
      journal = {\apj},
          doi = {10.1088/0004-637X/792/1/62},
   eprinttype = {arXiv},
       eprint = {1403.4302},
  eprintclass = {astro-ph.CO},
     keywords = {bicepkeck,bicep2,instrument},
         year = 2014,
        month = sep,
       volume = 792,
          eid = {62},
        pages = {62},
       adsurl = {http://adsabs.harvard.edu/abs/2014ApJ...792...62A},
      adsnote = {Provided by the SAO/NASA Astrophysics Data System},
   annotation = {{
        Accompanies \cite{bk_i} in describing the experimental design of
        \biceptwo\ in detail. Topics covered include: experimental approach;
        optical design; cryostat design; focal plane, detector, readout
        electronics, and control system design; cryogenic and thermal design; a
        brief characterization of the instrumental systematics control;
        observing strategy; and the basics of the low-level data reduction.
    }}
}

@article{bk_iii,
%       author = {
%                {Ade}, P.~A.~R. and {Aikin}, R.~W. and {Barkats}, D. and
%                {Benton}, S.~J. and {Bischoff}, C.~A. and {Bock}, J.~J. and
%                {Brevik}, J.~A. and {Buder}, I. and {Bullock}, E. and {Dowell},
%                C.~D. and {Duband}, L. and {Filippini}, J.~P. and {Fliescher},
%                S. and {Golwala}, S.~R. and {Halpern}, M. and {Hasselfield}, M.
%                and {Hildebrandt}, S.~R. and {Hilton}, G.~C. and {Irwin}, K.~D.
%                and {Karkare}, K.~S. and {Kaufman}, J.~P. and {Keating}, B.~G.
%                and {Kernasovskiy}, S.~A. and {Kovac}, J.~M. and {Kuo}, C.~L.
%                and {Leitch}, E.~M. and {Lueker}, M. and {Netterfield}, C.~B.
%                and {Nguyen}, H.~T. and {O'Brient}, R. and {Ogburn}, IV, R.~W.
%                and {Orlando}, A. and {Pryke}, C. and {Richter}, S. and
%                {Schwarz}, R. and {Sheehy}, C.~D. and {Staniszewski}, Z.~K. and
%                {Sudiwala}, R.~V. and {Teply}, G.~P. and {Tolan}, J.~E. and
%                {Turner}, A.~D. and {Vieregg}, A.~G. and {Wong}, C.~L. and
%                {Yoon}, K.~W.
%                },
       author = {{The \biceptwo\ Collaboration}},
  shortauthor = {{BK~III}},
        title = "{\biceptwo\ III: Instrumental Systematics}",
   eprinttype = {arxiv},
       eprint = {1502.00608},
  eprintclass = {astro-ph.IM},
     keywords = {bicepkeck,bicep2},
         year = 2015,
        month = feb,
       adsurl = {http://adsabs.harvard.edu/abs/2015arXiv150200608B},
      adsnote = {Provided by the SAO/NASA Astrophysics Data System}
}

@article{bk_iv,
%       author = {
%                {Ade}, P.~A.~R. and {Aikin}, R.~W. and {Barkats}, D. and
%                {Benton}, S.~J. and {Bischoff}, C.~A. and {Bock}, J.~J. and
%                {Bradford}, K.~J. and {Brevik}, J.~A. and {Buder}, I. and
%                {Bullock}, E. and {Dowell}, C.~D. and {Duband}, L. and
%                {Filippini}, J.~P. and {Fliescher}, S. and {Golwala}, S.~R. and
%                {Halpern}, M. and {Hasselfield}, M. and {Hildebrandt}, S.~R.
%                and {Hilton}, G.~C. and {Hui}, H. and {Irwin}, K.~D. and
%                {Kang}, J.~H. and {Karkare}, K.~S. and {Kaufman}, J.~P. and
%                {Keating}, B.~G. and {Kefeli}, S. and {Kernasovskiy}, S.~A. and
%                {Kovac}, J.~M. and {Kuo}, C.~L. and {Leitch}, E.~M. and
%                {Lueker}, M. and {Megerian}, K.~G. and {Netterfield}, C.~B. and
%                {Nguyen}, H.~T. and {O'Brient}, R. and {Ogburn}, IV, R.~W. and
%                {Orlando}, A. and {Pryke}, C. and {Richter}, S. and {Schwarz},
%                R. and {Sheehy}, C.~D. and {Staniszewski}, Z.~K. and
%                {Sudiwala}, R.~V. and {Teply}, G.~P. and {Thompson}, K. and
%                {Tolan}, J.~E. and {Turner}, A.~D. and {Vieregg}, A.~G. and
%                {Weber}, A.~C. and {Wong}, C.~L. and {Yoon}, K.~W.
%                },
       author = {{The \biceptwo\ and \keckarray\ Collaborations}},
  shortauthor = {{BK~IV}},
        title = "{\bicepkeck\ IV: Optical Characterization and Performance of the \biceptwo\ and \keckarray\ Experiments}",
      journal = {\apj},
          doi = {10.1088/0004-637X/806/2/206},
   eprinttype = {arxiv},
       eprint = {1502.00596},
  eprintclass = {astro-ph.IM},
     keywords = {bicepkeck,bicep2,keck,instrument},
         year = 2015,
        month = jun,
       volume = {806},
        pages = {206},
       adsurl = {http://adsabs.harvard.edu/abs/2015arXiv150200596B},
      adsnote = {Provided by the SAO/NASA Astrophysics Data System}
}

@article{bkplanck,
       author = {{The \bk\ and \planck\ Collaborations}},
  shortauthor = {{BKP}},
        title = "{Joint Analysis of \bk\ and \planck\ Data}",
      journal = {\prl},
          doi = {10.1103/PhysRevLett.114.101301},
   eprinttype = {arxiv},
       eprint = {1502.00612},
  eprintclass = {astro-ph.CO},
     keywords = {bicepkeck,bicep2,keck,cosmology,results,planck},
         year = 2015,
        month = mar,
       volume = 114,
       number = 10,
          eid = {101301},
        pages = {101301},
       adsurl = {http://adsabs.harvard.edu/abs/2015PhRvL.114j1301B},
      adsnote = {Provided by the SAO/NASA Astrophysics Data System}
}

@article{bk_v,
%       author = {
%                {Ade}, P.~A.~R. and {Ahmed}, Z. and {Aikin}, R.~W. and
%                {Alexander}, K.~D. and {Barkats}, D. and {Benton}, S.~J. and
%                {Bischoff}, C.~A. and {Bock}, J.~J. and {Brevik}, J.~A. and
%                {Buder}, I. and {Bullock}, E. and {Buza}, V. and {Connors}, J.
%                and {Crill}, B.~P. and {Dowell}, C.~D. and {Dvorkin}, C. and
%                {Duband}, L. and {Filippini}, J.~P. and {Fliescher}, S. and
%                {Golwala}, S.~R. and {Halpern}, M. and {Hasselfield}, M. and
%                {Hildebrandt}, S.~R. and {Hilton}, G.~C. and {Hristov}, V.~V.
%                and {Hui}, H. and {Irwin}, K.~D. and {Karkare}, K.~S. and
%                {Kaufman}, J.~P. and {Keating}, B.~G. and {Kefeli}, S. and
%                {Kernasovskiy}, S.~A. and {Kovac}, J.~M. and {Kuo}, C.~L. and
%                {Leitch}, E.~M. and {Lueker}, M. and {Mason}, P. and
%                {Megerian}, K.~G. and {Netterfield}, C.~B. and {Nguyen}, H.~T.
%                and {O'Brient}, R. and {Ogburn}, IV, R.~W. and {Orlando}, A.
%                and {Pryke}, C. and {Reintsema}, C.~D. and {Richter}, S. and
%                {Schwarz}, R. and {Sheehy}, C.~D. and {Staniszewski}, Z.~K. and
%                {Sudiwala}, R.~V. and {Teply}, G.~P. and {Thompson}, K.~L. and
%                {Tolan}, J.~E. and {Turner}, A.~D. and {Vieregg}, A.~G. and
%                {Weber}, A.~C. and {Willmert}, J. and {Wong}, C.~L. and {Yoon},
%                K.~W.
%                },
       author = {{The \biceptwo\ and \keckarray\ Collaborations}},
  shortauthor = {{BK~V}},
        title = "{\bicepkeck\ V: Measurements of B-mode Polarization at Degree Angular Scales and 150 GHz by the \keckarray}",
      journal = {\apj},
          doi = {10.1088/0004-637X/811/2/126},
   eprinttype = {arxiv},
       eprint = {1502.00643},
  eprintclass = {astro-ph.CO},
     keywords = {bicepkeck,keck,cosmology,results},
         year = 2015,
        month = oct,
          eid = {126},
        pages = {126},
       adsurl = {http://adsabs.harvard.edu/abs/2015arXiv150200643A},
      adsnote = {Provided by the SAO/NASA Astrophysics Data System}
}

@article{bkspider,
%       author = {
%                {Ade}, P.~A.~R. and {Aikin}, R.~W. and {Amiri}, M. and
%                {Barkats}, D. and {Benton}, S.~J. and {Bischoff}, C.~A. and
%                {Bock}, J.~J. and {Bonetti}, J.~A. and {Brevik}, J.~A. and
%                {Buder}, I. and {Bullock}, E. and {Chattopadhyay}, G. and
%                {Davis}, G. and {Day}, P.~K. and {Dowell}, C.~D. and {Duband},
%                L. and {Filippini}, J.~P. and {Fliescher}, S. and {Golwala},
%                S.~R. and {Halpern}, M. and {Hasselfield}, M. and
%                {Hildebrandt}, S.~R. and {Hilton}, G.~C. and {Hristov}, V. and
%                {Hui}, H. and {Irwin}, K.~D. and {Jones}, W.~C. and {Karkare},
%                K.~S. and {Kaufman}, J.~P. and {Keating}, B.~G. and {Kefeli},
%                S. and {Kernasovskiy}, S.~A. and {Kovac}, J.~M. and {Kuo},
%                C.~L. and {Leduc}, H.~G. and {Leitch}, E.~M. and {Llombart}, N.
%                and {Lueker}, M. and {Mason}, P. and {Megerian}, K. and
%                {Moncelsi}, L. and {Netterfield}, C.~B. and {Nguyen}, H.~T. and
%                {O'Brient}, R. and {Ogburn}, Iv, R.~W. and {Orlando}, A. and
%                {Pryke}, C. and {Rahlin}, A.~S. and {Reintsema}, C.~D. and
%                {Richter}, S. and {Runyan}, M.~C. and {Schwarz}, R. and
%                {Sheehy}, C.~D. and {Staniszewski}, Z.~K. and {Sudiwala}, R.~V.
%                and {Teply}, G.~P. and {Tolan}, J.~E. and {Trangsrud}, A. and
%                {Tucker}, R.~S. and {Turner}, A.~D. and {Vieregg}, A.~G. and
%                {Weber}, A. and {Wiebe}, D.~V. and {Wilson}, P. and {Wong},
%                C.~L. and {Yoon}, K.~W. and {Zmuidzinas}, J.},
       author = {{The \bicepkeck\ and \spider\ Collaborations}},
        title = "{Antenna-coupled TES bolometers used in \biceptwo, \keckarray, and \spider}",
      journal = {\apj},
          doi = {10.1088/0004-637X/812/2/176},
   eprinttype = {arxiv},
       eprint = {1502.00619},
  eprintclass = {astro-ph.IM},
     keywords = {bicepkeck,bicep2,keck,cosmology,tes,detectors,spider},
         year = 2015,
        month = oct,
       volume = 812,
       number = 2,
       adsurl = {http://adsabs.harvard.edu/abs/2015arXiv150200619A},
      adsnote = {Provided by the SAO/NASA Astrophysics Data System}
}

@article{wu2015,
       author = {
                {Wu}, W.~L.~K. and {Ade}, P.~A.~R. and {Ahmed}, Z. and
                {Alexander}, K.~D. and {Amiri}, M. and {Barkats}, D. and
                {Benton}, S.~J. and {Bischoff}, C.~A. and {Bock}, J.~J. and
                {Bowens-Rubin}, R. and {Buder}, I. and {Bullock}, E. and
                {Buza}, V. and {Connors}, J.~A. and {Filippini}, J.~P. and
                {Fliescher}, S. and {Grayson}, J.~A. and {Halpern}, M. and
                {Harrison}, S.~A. and {Hilton}, G.~C. and {Hristov}, V.~V. and
                {Hui}, H. and {Irwin}, K.~D. and {Kang}, J. and {Karkare},
                K.~S. and {Karpel}, E. and {Kefeli}, S. and {Kernasovskiy},
                S.~A. and {Kovac}, J.~M. and {Kuo}, C.~L. and {Megerian}, K.~G.
                and {Netterfield}, C.~B. and {Nguyen}, H.~T. and {O'Brient}, R.
                and {Ogburn}, R.~W. and {Pryke}, C. and {Reintsema}, C.~D. and
                {Richter}, S. and {Sorensen}, C. and {Staniszewski}, Z.~K. and
                {Steinbach}, B. and {Sudiwala}, R.~V. and {Teply}, G.~P. and
                {Thompson}, K.~L. and {Tolan}, J.~E. and {Tucker}, C.~E. and
                {Turner}, A.~D. and {Vieregg}, A.~G. and {Weber}, A.~C. and
                {Wiebe}, D.~V. and {Willmert}, J. and {Yoon}, K.~W.
                },
        title = "{Initial Performance of \bicepthr: A Degree Angular Scale 95 GHz Band Polarimeter}",
      journal = {Journal of Low Temperature Physics},
   eprinttype = {arxiv},
       eprint = {1601.00125},
  eprintclass = {astro-ph.IM},
         year = 2015,
        month = dec,
          doi = {10.1007/s10909-015-1403-x},
       adsurl = {http://adsabs.harvard.edu/abs/2016JLTP..184..765W},
      adsnote = {Provided by the SAO/NASA Astrophysics Data System}
}

@article{bk_vi,
       author = {{The \biceptwo\ and \keckarray\ Collaborations}},
  shortauthor = {{BK~VI}},
        title = "{\bk\ VI: Improved Constraints on Cosmology and Foregrounds from \biceptwo\ and \keckarray\ Cosmic Microwave Background Data with Inclusion of 95 GHz Band}",
      journal = {\prl},
   eprinttype = {arxiv},
       eprint = {1510.09217},
  eprintclass = {astro-ph.CO},
     keywords = {bicepkeck,bicep2,keck},
         year = 2016,
        month = jan,
       volume = 116,
       number = 3,
          eid = {031302},
        pages = {031302},
          doi = {10.1103/PhysRevLett.116.031302},
       adsurl = {http://adsabs.harvard.edu/abs/2016PhRvL.116c1302B},
      adsnote = {Provided by the SAO/NASA Astrophysics Data System}
}

@ARTICLE{bk_vii,
%      author = {
%               {Array}, K. and {BICEP2 Collaborations} and {:} and {Ade}, P.
%               and {Ahmed}, Z. and {Aikin}, R.~W. and {Alexander}, K.~D. and
%               {Barkats}, D. and {Benton}, S.~J. and {Bischoff}, C.~A. and
%               {Bock}, J.~J. and {Bowens-Rubin}, R. and {Brevik}, J.~A. and
%               {Buder}, I. and {Bullock}, E. and {Buza}, V. and {Connors}, J.
%               and {Crill}, B.~P. and {Duband}, L. and {Dvorkin}, C. and
%               {Filippini}, J.~P. and {Fliescher}, S. and {Grayson}, J. and
%               {Halpern}, M. and {Harrison}, S. and {Hildebrandt}, S.~R. and
%               {Hilton}, G.~C. and {Hui}, H. and {Irwin}, K.~D. and {Kang}, J.
%               and {Karkare}, K.~S. and {Karpel}, E. and {Kaufman}, J.~P. and
%               {Keating}, B.~G. and {Kefeli}, S. and {Kernasovskiy}, S.~A. and
%               {Kovac}, J. and {Kuo}, C.~L. and {Leitch}, E.~M. and {Lueker},
%               M. and {Megerian}, K.~G. and {Namikawa}, T. and {Netterfield},
%               C.~B. and {Nguyen}, H.~T. and {O'Brient}, R. and {W.}, IV, R.
%               and {Orlando}, A. and {Pryke}, C. and {Richter}, S. and
%               {Schwarz}, R. and {Sheehy}, C.~D. and {Staniszewski}, Z.~K. and
%               {Steinbach}, B. and {Sudiwala}, R.~V. and {Teply}, G.~P. and
%               {Thompson}, K.~L. and {Tolan}, J.~E. and {Tucker}, C. and
%               {Turner}, A.~D. and {Vieregg}, A.~G. and {Weber}, A.~C. and
%               {Wiebe}, D.~V. and {Willmert}, J. and {Wong}, C.~L. and {Wu},
%               W.~L. and {Yoon}, K.~W.
%               },
       author = {{The \biceptwo\ and \keckarray\ Collaborations}},
  shortauthor = {{BK~VII}},
        title = "{\bicepkeck\ VII: Matrix based $E$/$B$ Separation applied to \biceptwo\ and the \keckarray}",
      journal = {\apj},
   eprinttype = {arxiv},
       eprint = {1603.05976},
  eprintclass = {astro-ph.IM},
     keywords = {bicepkeck,bicep2,keck,matrix},
         year = 2016,
        month = jul,
       volume = 825,
          eid = {66},
        pages = {66},
          doi = {10.3847/0004-637X/825/1/66},
       adsurl = {http://adsabs.harvard.edu/abs/2016ApJ...825...66A},
      adsnote = {Provided by the SAO/NASA Astrophysics Data System}
}

@inproceedings{grayson2016,
       author = {
                {Grayson}, J.~A. and {Ade}, P.~A.~R. and {Ahmed}, Z. and
                {Alexander}, K.~D. and {Amiri}, M. and {Barkats}, D. and
                {Benton}, S.~J. and {Bischoff}, C.~A. and {Bock}, J.~J. and
                {Boenish}, H. and {Bowens-Rubin}, R. and {Buder}, I. and
                {Bullock}, E. and {Buza}, V. and {Connors}, J. and {Filippini},
                J.~P. and {Fliescher}, S. and {Halpern}, M. and {Harrison},
                S. and {Hilton}, G.~C. and {Hristov}, V.~V. and {Hui}, H.
                and {Irwin}, K.~D. and {Kang}, J. and {Karkare}, K.~S.
                and {Karpel}, E. and {Kefeli}, S. and {Kernasovskiy},
                S.~A. and {Kovac}, J.~M. and {Kuo}, C.~L. and {Leitch},
                E.~M. and {Lueker}, M. and {Megerian}, K.~G. and
                {Monticue}, V. and {Namikawa}, T. and {Netterfield}, C.~B.
                and {Nguyen}, H.~T. and {O'Brient}, R. and {Ogburn}, R.~W. and
                {Pryke}, C. and {Reintsema}, C.~D. and {Richter}, S. and
                {Schwarz}, R. and {Sorenson}, C. and {Sheehy}, C.~D. and
                {Staniszewski}, Z.~K. and {Steinbach}, B. and {Teply}, G.~P.
                and {Thompson}, K.~L. and {Tolan}, J.~E. and {Tucker}, C. and
                {Turner}, A.~D. and {Vieregg}, A.~G. and {Wandui}, A. and
                {Weber}, A.~C. and {Wiebe}, D.~V. and {Willmert}, J. and {Wu},
                W.~L.~K. and {Yoon}, K.~W.
                },
        title = "{\bicepthr{} performance overview and planned \keckarray{} upgrade}",
    booktitle = {{Proceedings of SPIE}},
         year = 2016,
       series = {\procspie},
       volume = 9914,
   eprinttype = {arxiv},
       eprint = {1607.04668},
  eprintclass = {astro-ph.IM},
        month = jul,
          eid = {99140S},
        pages = {99140S},
          doi = {10.1117/12.2233894},
       adsurl = {http://adsabs.harvard.edu/abs/2016SPIE.9914E..0SG},
      adsnote = {Provided by the SAO/NASA Astrophysics Data System}
}

@inproceedings{hui2016,
       author = {
                {Hui}, H. and {Ade}, P.~A.~R. and {Ahmed}, Z. and {Alexander},
                K.~D. and {Amiri}, M. and {Barkats}, D. and {Benton}, S.~J. and
                {Bischoff}, C.~A. and {Bock}, J.~J. and {Boenish}, H. and
                {Bowens-Rubin}, R. and {Bowens-Rubin}, R. and {Buder}, I. and
                {Bullock}, E. and {Buza}, V. and {Connors}, J. and {Filippini},
                J.~P. and {Fliescher}, S. and {Grayson}, J.~A. and
                {Halpern}, M. and {Harrison}, S. and {Hilton}, G.~C. and
                {Hristov}, V.~V. and {Irwin}, K.~D. and {Kang}, J. and
                {Karkare}, K.~S. and {Karpel}, E. and {Kefeli}, S. and
                {Kernasovskiy}, S.~A. and {Kovac}, J.~M. and {Kuo}, C.~L. and
                {Leitch}, E.~M. and {Lueker}, M. and {Megerian}, K.~G. and
                {Monticue}, V. and {Namikawa}, T. and {Netterfield}, C.~B. and
                {Nguyen}, H.~T. and {O'Brient}, R. and {Ogburn}, R.~W. and
                {Pryke}, C. and {Reintsema}, C.~D. and {Richter}, S. and
                {Schwarz}, R. and {Sorensen}, C. and {Sheehy}, C.~D. and
                {Staniszewski}, Z.~K. and {Steinbach}, B. and {Teply}, G.~P.
                and {Thompson}, K.~L. and {Tolan}, J.~E. and {Tucker}, C. and
                {Turner}, A.~D. and {Vieregg}, A.~G. and {Wandui}, A. and
                {Weber}, A.~C. and {Wiebe}, D.~V. and {Willmert}, J. and {Wu},
                W.~L.~K. and {Yoon}, K.~W.
                },
        title = "{\bicepthr{} focal plane design and detector performance}",
    booktitle = {{Proceedings of SPIE}},
         year = 2016,
       series = {\procspie},
       volume = 9914,
   eprinttype = {arxiv},
       eprint = {1607.06861},
  eprintclass = {astro-ph.IM},
        month = jul,
          eid = {99140T},
        pages = {99140T},
          doi = {10.1117/12.2232986},
       adsurl = {http://adsabs.harvard.edu/abs/2016SPIE.9914E..0TH},
      adsnote = {Provided by the SAO/NASA Astrophysics Data System}
}

@inproceedings{karkare2016,
       author = {
                {Karkare}, K.~S. and {Ade}, P.~A.~R. and {Ahmed}, Z. and
                {Alexander}, K.~D. and {Amiri}, M. and {Barkats}, D. and
                {Benton}, S.~J. and {Bischoff}, C.~A. and {Bock}, J.~J. and
                {Boenish}, H. and {Bowens-Rubin}, R. and {Buder}, I. and
                {Bullock}, E. and {Buza}, V. and {Connors}, J. and {Filippini},
                J.~P. and {Fliescher}, S.~T. and {Grayson}, J.~A. and
                {Halpern}, M. and {Harrison}, S.~A. and {Hilton}, G.~C. and
                {Hristov}, V.~V. and {Hui}, H. and {Irwin}, K.~D. and {Kang},
                J.~H. and {Karpel}, E. and {Kefeli}, S. and {Kernasovskiy},
                S.~A. and {Kovac}, J.~M. and {Kuo}, C.~L. and {Leitch},
                E.~M. and {Lueker}, M. and {Megerian}, K.~G. and
                {Monticue}, V. and {Namikawa}, T. and {Netterfield}, C.~B.
                and {Nguyen}, H.~T. and {O'Brient}, R. and {Ogburn}, R.~W. and
                {Pryke}, C.~L. and {Reintsema}, C.~D. and {Richter}, S. and
                {St.~Germaine}, M.~T. and {Schwarz}, R. and {Sheehy}, C.~D. and
                {Staniszewski}, Z.~K. and {Steinbach}, B. and {Teply}, G.~P.
                and {Thompson}, K.~L. and {Tolan}, J.~E. and {Tucker}, C. and
                {Turner}, A.~D. and {Vieregg}, A.~G. and {Wandui}, A. and
                {Weber}, A. and {Willmert}, J. and {Wong}, C.~L. and {Wu},
                W.~L.~K. and {Yoon}, K.~W.
                },
        title = "{Optical characterization of the \bicepthr{} CMB polarimeter at the South Pole}",
    booktitle = {{Proceedings of SPIE}},
         year = 2016,
       series = {\procspie},
       volume = 9914,
   eprinttype = {arxiv},
       eprint = {1607.04567},
  eprintclass = {astro-ph.IM},
        month = jul,
          eid = {991430},
        pages = {991430},
          doi = {10.1117/12.2231747},
       adsurl = {http://adsabs.harvard.edu/abs/2016SPIE.9914E..30K},
      adsnote = {Provided by the SAO/NASA Astrophysics Data System}
}

@article{bk_viii,
%       author = {
%                {Keck Array}, T. and {BICEP2 Collaborations} and {:} and {Ade},
%                P.~A.~R. and {Ahmed}, Z. and {Aikin}, R.~W. and {Alexander},
%                K.~D. and {Barkats}, D. and {Benton}, S.~J. and {Bischoff},
%                C.~A. and {Bock}, J.~J. and {Bowens-Rubin}, R. and {Brevik},
%                J.~A. and {Buder}, I. and {Bullock}, E. and {Buza}, V. and
%                {Connors}, J. and {Crill}, B.~P. and {Duband}, L. and
%                {Dvorkin}, C. and {Filippin}, J.~P. and {Fliescher}, S. and
%                {Grayson}, J. and {Halpern}, M. and {Harrison}, S. and
%                {Hildebrandt}, S.~R. and {Hilton}, G.~C. and {Hui}, H. and
%                {Irwin}, K.~D. and {Kang}, J. and {Karkare}, K.~S. and
%                {Karpel}, E. and {Kaufman}, J.~P. and {Keating}, B.~G. and
%                {Kefeli}, S. and {Kernasovskiy}, S.~A. and {Kovac}, J.~M. and
%                {Kuo}, C.~L. and {Leitch}, E.~M. and {Lueker}, M. and
%                {Megerian}, K.~G. and {Namikawa}, T. and {Netterfield}, C.~B.
%                and {Nguyen}, H.~T. and {O'Brient}, R. and {Ogburn}, IV, R.~W.
%                and {Orlando}, A. and {Pryke}, C. and {Richter}, S. and
%                {Schwarz}, R. and {Sheehy}, C.~D. and {Staniszewski}, Z.~K.
%                and {Steinbach}, B. and {Sudiwala}, R.~V. and {Teply}, G.~P.
%                and {Thompson}, K.~L. and {Tolan}, J.~E. and {Tucker}, C.
%                and {Turner}, A.~D. and {Vieregg}, A.~G. and {Weber}, A.~C.
%                and {Wiebe}, D.~V. and {Willmert}, J. and {Wong}, C.~L. and
%                {Wu}, W.~L.~K. and {Yoon}, K.~W.
%                },
       author = {{The \biceptwo\ and \keckarray\ Collaborations}},
  shortauthor = {{BK~VIII}},
        title = "{\bicepkeck\ VIII: Measurement of gravitational lensing from large-scale \bmode\ polarization}",
      journal = {\apj},
   eprinttype = {arxiv},
       eprint = {1606.01968},
     keywords = {bicepkeck,bicep2,keck,lensing},
         year = 2016,
        month = dec,
       volume = 833,
          eid = {228},
        pages = {228},
          doi = {10.3847/1538-4357/833/2/228},
       adsurl = {http://adsabs.harvard.edu/abs/2016ApJ...833..228B},
      adsnote = {Provided by the SAO/NASA Astrophysics Data System}
}

@article{bk_ix,
%       author = {
%                {Array}, K. and {BICEP2 Collaborations} and {:} and {Ade},
%                P.~A.~R. and {Ahmed}, Z. and {Aikin}, R.~W. and {Alexander},
%                K.~D. and {Barkats}, D. and {Benton}, S.~J. and {Bischoff},
%                C.~A. and {Bock}, J.~J. and {Bowens-Rubin}, R. and {Brevik},
%                J.~A. and {Buder}, I. and {Bullock}, E. and {Buza}, V. and
%                {Connors}, J. and {Crill}, B.~P. and {Duband}, L. and
%                {Dvorkin}, C. and {Filippini}, J.~P. and {Fliescher}, S. and
%                {St.~Germaine}, T. and {Ghosh}, T. and {Grayson}, J. and
%                {Harrison}, S. and {Hildebrandt}, S.~R. and {Hilton}, G.~C. and
%                {Hui}, H. and {Irwin}, K.~D. and {Kang}, J. and {Karkare},
%                K.~S. and {Karpel}, E. and {Kaufman}, J.~P. and {Keating},
%                B.~G. and {Kefeli}, S. and {Kernasovskiy}, S.~A. and
%                {Kovac}, J.~M. and {Kuo}, C.~L. and {Larsen}, N.~A. and
%                {Leitch}, E.~M. and {Megerian}, K.~G. and {Moncelsi}, L. and
%                {Namikawa}, T. and {Netterfield}, C.~B. and {Nguyen}, H.~T. and
%                {O'Brient}, R. and {Ogburn}, IV, R.~W. and {Pryke}, C. and
%                {Richter}, S. and {Schillaci}, A. and {Schwarz}, R. and
%                {Sheehy}, C.~D. and {Staniszewski}, Z.~K. and {Steinbach}, B.
%                and {Sudiwala}, R.~V. and {Teply}, G.~P. and {Thompson}, K.~L.
%                and {Tolan}, J.~E. and {Tucker}, C. and {Turner}, A.~D. and
%                {Vieregg}, A.~G. and {Weber}, A.~C. and {Wiebe}, D.~V. and
%                {Willmert}, J. and {Wong}, C.~L. and {Wu}, W.~L.~K. and {Yoon},
%                K.~W.
%                },
       author = {{The \biceptwo\ and \keckarray\ Collaborations}},
  shortauthor = {{BK~IX}},
        title = "{\bicepkeck\ IX: New Bounds on Anisotropies of CMB Polarization Rotation and Implications for Axion-Like Particles and Primordial Magnetic Fields}",
      journal = {ArXiv e-prints},
   eprinttype = {arXiv},
       eprint = {1705.02523},
         year = 2017,
        month = may,
       adsurl = {http://adsabs.harvard.edu/abs/2017arXiv170502523A},
      adsnote = {Provided by the SAO/NASA Astrophysics Data System}
}

%%%%%%%%%%%%%%%%%%%%%%%%%%%%%%%%%%%%%%%%%%%%%%%%%%%%%%%%%%%%%%%%%%%%%%%%%%%%%%
% Theses
%%%%%%%%%%%%%%%%%%%%%%%%%%%%%%%%%%%%%%%%%%%%%%%%%%%%%%%%%%%%%%%%%%%%%%%%%%%%%%

@phdthesis{aikinthesis,
       author = {{Aikin}, R.},
        title = "{Testing inflationary cosmology with the \bicepone\ and \biceptwo\ experiments}",
  institution = {California Institute of Technology},
         year = 2013,
        month = may,
          url = {http://resolver.caltech.edu/CaltechTHESIS:06072013-113004037},
     keywords = {deprojection},
   annotation = {{
        Randol's PhD thesis describes develops deprojection for \bicepone.
        See also \cite{sheehythesis} for an alternate explanation.
   }}
}

@phdthesis{bullockthesis,
       author = {{Bullock}, E.},
        title = "{Polarization Angle Calibration and B-mode Characterization with the \bicep\ and \keckarray\ CMB Telescopes}",
  institution = {University of Minnesota},
         year = 2018,
        month = mar,
          url = {http://hdl.handle.net/11299/196525}
}

@phdthesis{sheehythesis,
       author = {{Sheehy}, C.},
        title = "{Progress toward detection of inflationary \bmodes\ with the \biceptwo\ and \keckarray\ polarimeters}",
  institution = {University of Chicago},
         year = 2013,
        month = aug,
          url = {http://pi.lib.uchicago.edu/1001/cat/bib/10168583},
     keywords = {deprojection},
   annotation = {{
        Chris' PhD thesis describes the details of deprojection as applied to
        \biceptwo\ and \keck. See also \cite{aikinthesis} for additional
        derivation.
   }}
}

@phdthesis{tolanthesis,
       author = {{Tolan}, J.},
        title = "{Testing Inflationary Cosmology with \biceptwo\ and the \keckarray}",
  institution = {Stanford University},
         year = 2014,
        month = aug,
          url = {http://purl.stanford.edu/sr837cd9569},
     keywords = {matrix},
   annotation = {{
        Jamie Tolan's PhD thesis which is first publication to describe the
        new reobserving and purification matrices which are required to achieve
        the isolation of minute B-mode amidst instrumental and analysis
        systematics. The upcoming Matrix Paper will also present this
        information.
   }}
}
