%%%%%%%%%%%%%%%%%%%%%%%%%%%%%%%%%%%%%%%%%%%%%%%%%%%%%%%%%%%%%%%%%%%%%%%%%%%%%%
% Highly relevant published (or pre-print) articles
%%%%%%%%%%%%%%%%%%%%%%%%%%%%%%%%%%%%%%%%%%%%%%%%%%%%%%%%%%%%%%%%%%%%%%%%%%%%%%

%
% These entries are based on the BibTeX export from the NASA ADS database with
% minor changes to make the entries correspond better to the preferred standard
% BibLaTeX entries. Namely,
%
%     archivePrefix = "arXiv"      ->  eprinttype = {arxiv}
%     primaryClass = "astro-ph.CO  ->  eprintclass = {astro-ph.CO}
%
% Other changes which should be made consistently:
%
%   1. ADS entries for SPIE proceedings are formatted poorly. Change:
%
%      a. `booktitle = {{Proceedings of SPIE}}`
%      b. Delete `pages = {1}` if found
%
% Entries are listed in chronological order by year, and then by first author
% name (i.e. the cite key) within each year.
%

@article{einstein1915,
     author = {{Einstein}, A.},
      title = "{Die Feldgleichungen der Gravitation}",
    journal = {Sitzungsberichte der Königlich Preußischen Akademie der Wissenschaften (Berlin)},
       year = 1915,
      pages = {844-847},
     adsurl = {http://adsabs.harvard.edu/abs/1915SPAW.......844E},
    adsnote = {Provided by the SAO/NASA Astrophysics Data System},
   language = {german},
 annotation = {{
      One of many papers developing General Relativity. Suggested by
      \url{https://en.wikipedia.org/wiki/List_of_scientific_publications_by_Albert_Einstein\#schilpp_85}
      to be the defining paper that finally presents working field equations.
 }}
}

@article{friedmann1922,
     author = {{Friedman}, A.},
      title = "{Über die Krümmung des Raumes}",
    journal = {Zeitschrift für Physik},
  publisher = {Springer-Verlag},
       year = {1922},
     volume = {10},
     number = {1},
       issn = {0044-3328},
      pages = {377-386},
        doi = {10.1007/BF01332580},
   language = {german},
 annotation = {{
      Introduces the expanding universe solution to Einstein's field equations.
 }}
}

@article{hubble1929,
     author = {{Hubble}, E.},
      title = "{A Relation between Distance and Radial Velocity among Extra-Galactic Nebulae}",
    journal = {Proceedings of the National Academy of Science},
       year = 1929,
      month = mar,
     volume = 15,
      pages = {168-173},
        doi = {10.1073/pnas.15.3.168},
     adsurl = {http://adsabs.harvard.edu/abs/1929PNAS...15..168H},
    adsnote = {Provided by the SAO/NASA Astrophysics Data System},
 annotation = {{
      Reports evidence of increasing galaxy recession velocity as function of
      distance (i.e. the Hubble flow).
 }}
}

@article{alpher1948,
     author = {{Alpher}, R.~A. and {Bethe}, H. and {Gamow}, G.},
      title = "{The Origin of Chemical Elements}",
    journal = {Physical Review},
       year = 1948,
      month = apr,
     volume = 73,
      pages = {803-804},
        doi = {10.1103/PhysRev.73.803},
     adsurl = {http://adsabs.harvard.edu/abs/1948PhRv...73..803A},
    adsnote = {Provided by the SAO/NASA Astrophysics Data System},
 annotation = {{
      Seminal paper that begins development of Big Bang nucleosynthesis
      research. Also important in developing ideas of the CMB due to the hot
      plasma origins; see \cite{peebles2014}.
 }}
}

@article{penzias1965,
     author = {{Penzias}, A.~A. and {Wilson}, R.~W.},
      title = "{A Measurement of Excess Antenna Temperature at 4080 Mc/s.}",
    journal = {\apj},
   keywords = {Microwave Background, Cosmic Background Radiation},
       year = 1965,
      month = jul,
     volume = 142,
      pages = {419-421},
        doi = {10.1086/148307},
     adsurl = {http://adsabs.harvard.edu/abs/1965ApJ...142..419P},
    adsnote = {Provided by the SAO/NASA Astrophysics Data System},
 annotation = {{
      Original paper showing experimental detection of the cosmic microwave
      background as an $3\,\mathrm{K}$ excess signal (explained in a companion
      paper by Dike, Peebles, Roll, and Wilkinson).
 }}
}

@article{dicke1965,
   author = {{Dicke}, R.~H. and {Peebles}, P.~J.~E. and {Roll}, P.~G. and 
	{Wilkinson}, D.~T.},
    title = "{Cosmic Black-Body Radiation.}",
  journal = {\apj},
 keywords = {Big Bang},
     year = 1965,
    month = jul,
   volume = 142,
    pages = {414-419},
      doi = {10.1086/148306},
   adsurl = {http://adsabs.harvard.edu/abs/1965ApJ...142..414D},
  adsnote = {Provided by the SAO/NASA Astrophysics Data System}
 annotation = {{
	Companion paper to Penzias and Wilson. Explains observations of excess signal as CMB

 }}
}




@article{guth1981,
     author = {{Guth}, A.~H.},
      title = "{Inflationary universe: A possible solution to the horizon and flatness problems}",
    journal = {\prd},
       year = 1981,
      month = jan,
     volume = 23,
      pages = {347-356},
        doi = {10.1103/PhysRevD.23.347},
     adsurl = {http://adsabs.harvard.edu/abs/1981PhRvD..23..347G},
    adsnote = {Provided by the SAO/NASA Astrophysics Data System},
 annotation = {{
      Seminal introduction of the idea of Inflation to solve the Horizon
      Problem and Flatness Problem.
 }}
}

@article{bond1984,
     author = {{Bond}, J.~R. and {Efstathiou}, G.},
      title = "{Cosmic background radiation anisotropies in universes dominated by nonbaryonic dark matter}",
    journal = {\apjl},
   keywords = {cmb, temperature anisotropies},
       year = 1984,
      month = oct,
     volume = 285,
      pages = {L45-L48},
        doi = {10.1086/184362},
     adsurl = {http://adsabs.harvard.edu/abs/1984ApJ...285L..45B},
    adsnote = {Provided by the SAO/NASA Astrophysics Data System},
 annotation = {{
      Discusses the small-scale temperature anisotropies in a cold dark
      matter universe. Also states that linear polarization is expected at
      approximately 10\% level.

      Dodelson's textbook \cite{dodelson2003} cites this as one of the seminal
      papers highlighting the importance of studying the polarized CMB.
 }}
}

@article{polnarev1985,
     author = {{Polnarev}, A.~G.},
      title = "{Polarization and Anisotropy Induced in the Microwave Background by Cosmological Gravitational Waves}",
    journal = {\sovast},
   keywords = {cmb, polarization anisotropies},
       year = 1985,
      month = dec,
     volume = 29,
      pages = {607-613},
     adsurl = {http://adsabs.harvard.edu/abs/1985SvA....29..607P},
    adsnote = {Provided by the SAO/NASA Astrophysics Data System},
 annotation = {{
      Discusses the utility of measuring polarized anisotropies and comparing
      against temperature anisotropies as a method of limiting the strength
      of gravitational waves in the early Universe.

      Dodelson's textbook \cite{dodelson2003} cites this as one of the seminal
      papers highlighting the importance of studying the polarized CMB.
 }}
}

@article{mather1990,
     author = {
              {Mather}, J.~C. and {Cheng}, E.~S. and {Eplee}, Jr., R.~E. and
              {Isaacman}, R.~B. and {Meyer}, S.~S. and {Shafer}, R.~A. and
              {Weiss}, R. and {Wright}, E.~L. and {Bennett}, C.~L. and {Boggess},
              N.~W. and {Dwek}, E. and {Gulkis}, S. and {Hauser}, M.~G. and
              {Janssen}, M. and {Kelsall}, T. and {Lubin}, P.~M. and {Moseley},
              Jr., S.~H. and {Murdock}, T.~L. and {Silverberg}, R.~F. and
              {Smoot}, G.~F. and {Wilkinson}, D.~T.},
      title = "{A preliminary measurement of the cosmic microwave background spectrum by the Cosmic Background Explorer (COBE) satellite}",
    journal = {\apjl},
   keywords = {COBE, blackbody},
       year = 1990,
      month = may,
     volume = 354,
      pages = {L37-L40},
        doi = {10.1086/185717},
     adsurl = {http://adsabs.harvard.edu/abs/1990ApJ...354L..37M},
    adsnote = {Provided by the SAO/NASA Astrophysics Data System},
 annotation = {{
      Initial [preliminary] results paper from COBE's FIRAS instrument that
      characterized the CMB and showed it to be a nearly perfect blackbody.
 }}
}

@article{smoot1992,
     author = {
              {Smoot}, G.~F. and {Bennett}, C.~L. and {Kogut}, A. and {Wright},
              E.~L. and {Aymon}, J. and {Boggess}, N.~W. and {Cheng}, E.~S. and
              {de Amici}, G. and {Gulkis}, S. and {Hauser}, M.~G. and
              {Hinshaw}, G. and {Jackson}, P.~D. and {Janssen}, M. and {Kaita},
              E. and {Kelsall}, T. and {Keegstra}, P. and {Lineweaver}, C. and
              {Loewenstein}, K. and {Lubin}, P. and {Mather}, J. and {Meyer},
              S.~S. and {Moseley}, S.~H. and {Murdock}, T. and {Rokke}, L. and
              {Silverberg}, R.~F. and {Tenorio}, L. and {Weiss}, R. and
              {Wilkinson}, D.~T.
              },
      title = "{Structure in the COBE differential microwave radiometer first-year maps}",
    journal = {\apjl},
   keywords = {COBE, anisotropies},
       year = 1992,
      month = sep,
     volume = 396,
      pages = {L1-L5},
        doi = {10.1086/186504},
     adsurl = {http://adsabs.harvard.edu/abs/1992ApJ...396L...1S},
    adsnote = {Provided by the SAO/NASA Astrophysics Data System},
 annotation = {{
      Initial [preliminary] results paper from COBE's DMR instrument that
      showed the temperature anisotropies in the CMB.
 }}
}

@article{irwin1995,
     author = {{Irwin}, K.~D.},
      title = "{An application of electrothermal feedback for high resolution cryogenic particle detection}",
    journal = {\apl},
       year = 1995,
      month = apr,
     volume = 66,
      pages = {1998-2000},
        doi = {10.1063/1.113674},
     adsurl = {http://adsabs.harvard.edu/abs/1995ApPhL..66.1998I},
    adsnote = {Provided by the SAO/NASA Astrophysics Data System},
 annotation = {{
     Paper which introduces the electrothermal [negative-]feedback TES sensor.
 }}
}

@phdthesis{huthesis,
     author = {{Hu}, W.},
      title = "{Wandering in the Background: A CMB Explorer}",
institution = {University of California at Berkeley},
 eprinttype = {arxiv},
     eprint = {astro-ph/9508126},
   keywords = {cmb},
       year = 1995,
      month = aug,
     adsurl = {http://adsabs.harvard.edu/abs/1995astro.ph..8126H},
    adsnote = {Provided by the SAO/NASA Astrophysics Data System},
 annotation = {{
      Wayne Hu's thesis which I found to contain several chapters with
      excellent introductions and explanations of basic CMB material.
 }}
}

@article{fixsen1996,
     author = {
              {Fixsen}, D.~J. and {Cheng}, E.~S. and {Gales}, J.~M. and
              {Mather}, J.~C. and {Shafer}, R.~A. and {Wright}, E.~L.
              },
      title = "{The Cosmic Microwave Background Spectrum from the Full COBE FIRAS Data Set}",
    journal = {\apj},
 eprinttype = {arxiv},
     eprint = {astro-ph/9605054},
   keywords = {cobe},
       year = 1996,
      month = dec,
     volume = 473,
      pages = {576},
        doi = {10.1086/178173},
     adsurl = {http://adsabs.harvard.edu/abs/1996ApJ...473..576F},
    adsnote = {Provided by the SAO/NASA Astrophysics Data System},
 annotation = {{
      I believe this to be the final analysis of COBE's FIRAS data that
      measured the CMB's frequency profile and absolute temperature directly.
      It also mentions the constraints the excellent fit with a blackbody
      implies on early cosmic history.
 }}
}

@article{hamaker1996,
     author = {
              {Hamaker}, J.~P. and {Bregman}, J.~D.
              },
      title = "{Understanding radio polarimetry. III. Interpreting the IAU/IEEE definitions of the Stokes parameters.}",
    journal = {\aaps},
        doi = {10.1051/aas:1996147},
   keywords = {polarization, convention, iau},
       year = 1996,
      month = may,
     volume = 117,
      pages = {161--165},
     adsurl = {http://adsabs.harvard.edu/abs/1996A%26AS..117..161H},
    adsnote = {Provided by the SAO/NASA Astrophysics Data System}}
}

@article{seljak1996,
     author = {{Seljak}, U. and {Zaldarriaga}, M.},
      title = "{A Line-of-Sight Integration Approach to Cosmic Microwave Background Anisotropies}",
    journal = {\apj},
 eprinttype = {arxiv},
     eprint = {astro-ph/9603033},
   keywords = {cmb, cmbfast},
       year = 1996,
      month = oct,
     volume = 469,
      pages = {437},
        doi = {10.1086/177793},
        url = {http://lambda.gsfc.nasa.gov/toolbox/tb_cmbfast_ov.cfm},
     adsurl = {http://adsabs.harvard.edu/abs/1996ApJ...469..437S},
    adsnote = {Provided by the SAO/NASA Astrophysics Data System},
 annotation = {{
      First paper describing \cmbfast, with a history and relevant references
      to development of theories of CMB anisotropies.
 }}
}

@article{seljak1997a,
     author = {{Seljak}, U.},
      title = "{Measuring Polarization in the Cosmic Microwave Background}",
    journal = {\apj},
 eprinttype = {arxiv},
     eprint = {astro-ph/9608131},
   keywords = {cmb, polarized anisotropies},
       year = 1997,
      month = jun,
     volume = 482,
      pages = {6-16},
     adsurl = {http://adsabs.harvard.edu/abs/1997ApJ...482....6S},
    adsnote = {Provided by the SAO/NASA Astrophysics Data System},
 annotation = {{
      Discusses $C_\ell$ estimators for the polarized CMB.

      Dodelson's textbook \cite{dodelson2003} cites this as one of the seminal
      papers highlighting the importance of $E/B$ decomposition in studying the
      polarized CMB.
 }}
}

@article{kamionkowski1997a,
     author = {{Kamionkowski}, M. and {Kosowsky}, A. and {Stebbins}, A.},
      title = "{A Probe of Primordial Gravity Waves and Vorticity}",
    journal = {\prl},
 eprinttype = {arxiv},
     eprint = {astro-ph/9609132},
   keywords = {cmb, polarized anisotropies},
       year = 1997,
      month = mar,
     volume = 78,
      pages = {2058-2061},
        doi = {10.1103/PhysRevLett.78.2058},
     adsurl = {http://adsabs.harvard.edu/abs/1997PhRvL..78.2058K},
    adsnote = {Provided by the SAO/NASA Astrophysics Data System},
 annotation = {{
      Derives the $E/B$-mode formalism on the sphere. Prior to this work,
      $T$, $Q$, and $U$ were considered directly, with difficult consequences
      due to the changing basis vectors on a sphere. With $E$ and $B$ instead,
      they note that only tensor perturbations can create \bmodes.

      Dodelson's textbook \cite{dodelson2003} cites this as one of the seminal
      papers highlighting the importance of $E/B$ decomposition in studying the
      polarized CMB.
 }}
}

@article{seljak1997b,
     author = {{Seljak}, U. and {Zaldarriaga}, M.},
      title = "{Signature of Gravity Waves in the Polarization of the Microwave Background}",
    journal = {\prl},
 eprinttype = {arxiv},
     eprint = {astro-ph/9609169},
   keywords = {cmb, polarized anisotropies},
       year = 1997,
      month = mar,
     volume = 78,
      pages = {2054-2057},
        doi = {10.1103/PhysRevLett.78.2054},
     adsurl = {http://adsabs.harvard.edu/abs/1997PhRvL..78.2054S},
    adsnote = {Provided by the SAO/NASA Astrophysics Data System},
 annotation = {{
      Lays out the spin-raising and spin-lowering operators for building the
      polarized $a_{\ell m}$s. Beyond that, it references \cite{kamionkowski1997a},
      but I can't tell exactly what else it adds from a quick browse.

      Dodelson's textbook cites this as one of the seminal papers highlighting
      the importance of $E/B$ decomposition in studying the polarized CMB.
 }}
}

@article{kamionkowski1997b,
     author = {{Kamionkowski}, M. and {Kosowsky}, A. and {Stebbins}, A.},
      title = "{Statistics of cosmic microwave background polarization}",
    journal = {\prd},
 eprinttype = {arxiv},
     eprint = {astro-ph/9611125},
   keywords = {cmb, polarized anisotropies},
       year = 1997,
      month = jun,
     volume = 55,
      pages = {7368-7388},
        doi = {10.1103/PhysRevD.55.7368},
     adsurl = {http://adsabs.harvard.edu/abs/1997PhRvD..55.7368K},
    adsnote = {Provided by the SAO/NASA Astrophysics Data System},
 annotation = {{
      Has a dearth of information regarding CMB statistics given the new
      decomposition introduced in \cite{kamionkowski1997a}.

      Dodelson's textbook cites this as one of the seminal papers highlighting
      the importance of $E/B$ decomposition in studying the polarized CMB.
 }}
}

@article{tegmark1997a,
     author = {{Tegmark}, M.},
      title = "{How to measure CMB power spectra without losing information}",
    journal = {\prd},
 eprinttype = {arxiv},
     eprint = {astro-ph/9611174},
       year = 1997,
      month = may,
     volume = 55,
      pages = {5895-5907},
        doi = {10.1103/PhysRevD.55.5895},
     adsurl = {http://adsabs.harvard.edu/abs/1997PhRvD..55.5895T},
    adsnote = {Provided by the SAO/NASA Astrophysics Data System},
   keywords = {matrix},
 annotation = {{
 }}
}

@article{tegmark1997b,
     author = {{Tegmark}, M.},
      title = "{How to Make Maps from Cosmic Microwave Background Data without Losing Information}",
    journal = {\apjl},
 eprinttype = {arxiv},
     eprint = {astro-ph/9611130},
       year = 1997,
      month = may,
     volume = 480,
      pages = {L87-L90},
        doi = {10.1086/310631},
     adsurl = {http://adsabs.harvard.edu/abs/1997ApJ...480L..87T},
    adsnote = {Provided by the SAO/NASA Astrophysics Data System},
   keywords = {matrix},
 annotation = {{
 }}
}

@article{bond1998,
     author = {{Bond}, J.~R. and {Jaffe}, A.~H. and {Knox}, L.},
      title = "{Estimating the power spectrum of the cosmic microwave background}",
    journal = {\prd},
 eprinttype = {arxiv},
     eprint = {astro-ph/9708203},
       year = 1998,
      month = feb,
     volume = 57,
      pages = {2117-2137},
        doi = {10.1103/PhysRevD.57.2117},
     adsurl = {http://adsabs.harvard.edu/abs/1998PhRvD..57.2117B},
    adsnote = {Provided by the SAO/NASA Astrophysics Data System},
   keywords = {matrix},
 annotation = {{
 }}
}

@article{knox1998,
     author = {
              {Knox}, L. and {Bond}, J.~R. and {Jaffe}, A.~H. and {Segal}, M.
              and {Charbonneau}, D.
              },
      title = "{Comparing cosmic microwave background datasets}",
    journal = {\prd},
 eprinttype = {arxiv},
     eprint = {astro-ph/9803272},
       year = 1998,
      month = oct,
     volume = 58,
     number = 8,
        eid = {083004},
      pages = {083004},
        doi = {10.1103/PhysRevD.58.083004},
     adsurl = {http://adsabs.harvard.edu/abs/1998PhRvD..58h3004K},
    adsnote = {Provided by the SAO/NASA Astrophysics Data System},
   keywords = {matrix},
 annotation = {{
 }}
}

@article{tegmark1998,
     author = {{Tegmark}, M.},
      title = "{Comparing and Combining Cosmic Microwave Background Data Sets}",
    journal = {\apj},
 eprinttype = {arxiv},
     eprint = {astro-ph/9809001},
       year = 1999,
      month = jul,
     volume = 519,
      pages = {513-517},
        doi = {10.1086/307417},
     adsurl = {http://adsabs.harvard.edu/abs/1999ApJ...519..513T},
    adsnote = {Provided by the SAO/NASA Astrophysics Data System},
   keywords = {matrix},
 annotation = {{
 }}
}

@article{lewis2000,
     author = {{Lewis}, A. and {Challinor}, A. and {Lasenby}, A.},
      title = "{Efficient Computation of Cosmic Microwave Background Anisotropies in Closed Friedmann-Robertson-Walker Models}",
    journal = {\apj},
 eprinttype = {arxiv},
     eprint = {astro-ph/9911177},
   keywords = {cmb, camb},
       year = 2000,
      month = aug,
     volume = 538,
      pages = {473-476},
        doi = {10.1086/309179},
        url = {http://camb.info/},
     adsurl = {http://adsabs.harvard.edu/abs/2000ApJ...538..473L},
    adsnote = {Provided by the SAO/NASA Astrophysics Data System},
 annotation = {{
      Original paper that describes implementation of \camb\ by modifying
      \cmbfast\ (\cite{seljak1996}).
 }}
}

@article{bond2000,
     author = {{Bond}, J.~R. and {Jaffe}, A.~H. and {Knox}, L.},
      title = "{Radical Compression of Cosmic Microwave Background Data}",
    journal = {\apj},
 eprinttype = {arxiv},
     eprint = {astro-ph/9808264},
       year = 2000,
      month = apr,
     volume = 533,
      pages = {19-37},
        doi = {10.1086/308625},
     adsurl = {http://adsabs.harvard.edu/abs/2000ApJ...533...19B},
    adsnote = {Provided by the SAO/NASA Astrophysics Data System},
   keywords = {matrix},
 annotation = {{
 }}
}

@article{tegmark2001,
     author = {{Tegmark}, M. and {de Oliveira-Costa}, A.},
      title = "{How to measure CMB polarization power spectra without losing information}",
    journal = {\prd},
        doi = {10.1103/PhysRevD.64.063001},
 eprinttype = {arxiv},
     eprint = {astro-ph/0012120},
       year = 2001,
      month = sep,
     volume = 64,
     number = 6,
        eid = {063001},
      pages = {063001},
     adsurl = {http://adsabs.harvard.edu/abs/2001PhRvD..64f3001T},
    adsnote = {Provided by the SAO/NASA Astrophysics Data System},
   keywords = {matrix},
 annotation = {{
      Mainly discusses construction of optimal quadratic estimator of
      cosmological parameters. The appendices, though, contain numerical
      algorithms that show how to calculate the theoretical pixel-pixel
      covariance for a given windowed-CMB spectrum, a critical piece of
      generating the purification matrix.
 }}
}

@article{kovac2002,
     author = {
              {Kovac}, J.~M. and {Leitch}, E.~M. and {Pryke}, C. and
              {Carlstrom}, J.~E. and {Halverson}, N.~W. and {Holzapfel},
              W.~L.
              },
      title = "{Detection of polarization in the cosmic microwave background using DASI}",
    journal = {\nat},
 eprinttype = {arxiv},
     eprint = {astro-ph/0209478},
       year = 2002,
      month = dec,
     volume = 420,
      pages = {772-787},
        doi = {10.1038/nature01269},
     adsurl = {http://adsabs.harvard.edu/abs/2002Natur.420..772K},
    adsnote = {Provided by the SAO/NASA Astrophysics Data System},
 annotation = {{
      First detection of a polarized signal in the CMB.
 }}
}

@article{bennet2003,
     author = {
              {Bennett}, C.~L. and {Halpern}, M. and {Hinshaw}, G. and
              {Jarosik}, N. and {Kogut}, A. and {Limon}, M. and {Meyer}, S.~S.
              and {Page}, L. and {Spergel}, D.~N. and {Tucker}, G.~S. and
              {Wollack}, E. and {Wright}, E.~L. and {Barnes}, C. and {Greason},
              M.~R. and {Hill}, R.~S. and {Komatsu}, E. and {Nolta}, M.~R. and
              {Odegard}, N. and {Peiris}, H.~V. and {Verde}, L. and {Weiland},
              J.~L.
              },
      title = "{First-Year Wilkinson Microwave Anisotropy Probe (WMAP) Observations: Preliminary Maps and Basic Results}",
    journal = {\apjs},
 eprinttype = {arxiv},
     eprint = {astro-ph/0302207},
   keywords = {wmap},
       year = 2003,
      month = sep,
     volume = 148,
      pages = {1-27},
        doi = {10.1086/377253},
     adsurl = {http://adsabs.harvard.edu/abs/2003ApJS..148....1B},
    adsnote = {Provided by the SAO/NASA Astrophysics Data System},
 annotation = {{
      Summary paper providing maps and general conclusions drawn from the
      first year of WMAP data.
 }}
}

@article{bunn2003,
     author = {
              {Bunn}, E.~F. and {Zaldarriaga}, M. and {Tegmark}, M. and {de
              Oliveira-Costa}, A.
              },
      title = "{E/B decomposition of finite pixelized CMB maps}",
    journal = {\prd},
        doi = {10.1103/PhysRevD.67.023501},
 eprinttype = {arxiv},
     eprint = {astro-ph/0207338},
       year = 2003,
      month = jan,
     volume = 67,
     number = 2,
        eid = {023501},
      pages = {023501},
     adsurl = {http://adsabs.harvard.edu/abs/2003PhRvD..67b3501B},
    adsnote = {Provided by the SAO/NASA Astrophysics Data System},
   keywords = {matrix},
 annotation = {{
      Lays the foundations for the purification matrix. It describes in detail
      how to derive the separation of pure-E and pure-B modes from the
      so-called ``ambiguous'' modes using a generalized eigenvalue problem.
      Many tests I've developed for covariance and eigensystem validation have
      come from assumptions/conclusions defined in this paper.
 }}
}

@book{dodelson2003,
     author = {{Dodelson}, S},
      title = "{Modern Cosmology}",
       year = 2003,
  publisher = {{Academic Press}},
       isbn = {978-0-12-219141-1},
 annotation = {{
      Useful cosmology textbook.
 }}
}

@article{gorski2005,
     author = {{Górski}, K.~M. and {Hivon}, E. and {Banday}, A.~J. and
              {Wandelt}, B.~D. and {Hansen}, F.~K. and {Reinecke}, M. and
              {Bartelmann}, M.},
      title = "{HEALPix: A Framework for High-Resolution Discretization and Fast Analysis of Data Distributed on the Sphere}",
    journal = {\apj},
        doi = {10.1086/427976},
 eprinttype = {arxiv},
     eprint = {astro-ph/0409513},
   keywords = {healpix},
       year = 2005,
      month = apr,
     volume = 622,
      pages = {759-771},
     adsurl = {http://adsabs.harvard.edu/abs/2005ApJ...622..759G},
    adsnote = {Provided by the SAO/NASA Astrophysics Data System}
}

@article{smith2006,
     author = {{Smith}, K.~M.},
      title = "{Pseudo-$C_\ell$ estimators which do not mix E and B modes}",
    journal = {\prd},
     eprint = {astro-ph/0511629},
       year = 2006,
      month = oct,
     volume = 74,
     number = 8,
        eid = {083002},
      pages = {083002},
        doi = {10.1103/PhysRevD.74.083002},
     adsurl = {http://adsabs.harvard.edu/abs/2006PhRvD..74h3002S},
    adsnote = {Provided by the SAO/NASA Astrophysics Data System},
 annotation = {{
      Original source of the Smith ``Pure-B'' estimator.
 }}
}

@article{kovac2007,
     author = {{Kovac}, J.~M. and {Barkats}, D.},
      title = "{CMB from the South Pole: Past, Present, and Future}",
    journal = {ArXiv e-prints},
 eprinttype = {arxiv},
     eprint = {0707.1075},
       year = 2007,
      month = jul,
     adsurl = {http://adsabs.harvard.edu/abs/2007arXiv0707.1075K},
    adsnote = {Provided by the SAO/NASA Astrophysics Data System}
}


@article{hamimeche2008,
     author = {{Hamimeche}, S. and {Lewis}, A.},
      title = "{Likelihood analysis of CMB temperature and polarization power spectra}",
    journal = {\prd},
 eprinttype = {arxiv},
     eprint = {0801.0554},
   keywords = {likelihood},
       year = 2008,
      month = may,
     volume = 77,
     number = 10,
        eid = {103013},
      pages = {103013},
        doi = {10.1103/PhysRevD.77.103013},
     adsurl = {http://adsabs.harvard.edu/abs/2008PhRvD..77j3013H},
    adsnote = {Provided by the SAO/NASA Astrophysics Data System}
}

@article{bartelmann2010,
     author = {{Bartelmann}, M.},
      title = "{The Dark Universe}",
    journal = {Reviews of Modern Physics},
 eprinttype = {arxiv},
     eprint = {0906.5036},
eprintclass = {astro-ph.CO},
   keywords = {cosmology},
       year = 2010,
      month = jan,
     volume = 82,
      pages = {331-382},
        doi = {10.1103/RevModPhys.82.331},
     adsurl = {http://adsabs.harvard.edu/abs/2010RvMP...82..331B},
    adsnote = {Provided by the SAO/NASA Astrophysics Data System},
 annotation = {{
      Comprehensive overview of all of cosmology. Gives brief overview of
      mathematical development of $\Lambda$CDM, and then describes many methods
      of experimentally measuring/investigation various cosmological
      parameters.
 }}
}

@article{jones2010,
     author = {
              {Jones}, W.~C. and {Montroy}, T.~E. and {Crill}, B.~P. and
              {Contaldi}, C.~R. and {Kisner}, T.~S. and {Lange}, A.~E. and
              {MacTavish}, C.~J. and {Netterfield}, C.~B. and {Ruhl}, J.~E.
              },
      title = "{Instrumental and analytic methods for bolometric polarimetry}",
    journal = {\aap},
 eprinttype = {arxiv},
     eprint = {astro-ph/0606606},
   keywords = {cmb},
       year = 2007,
      month = aug,
     volume = 470,
      pages = {771-785},
        doi = {10.1051/0004-6361:20065911},
     adsurl = {http://adsabs.harvard.edu/abs/2007A%26A...470..771J},
    adsnote = {Provided by the SAO/NASA Astrophysics Data System},
 annotation = {{
      Lays out the formalism for recovering $T$, $Q$, and $U$ Stokes parameter
      maps from linear-polarization sensitive bolometers. In particular, it
      justifies the choice of using pair-difference timestreams as an optimal
      way of taking advantage of the strong common-mode signal rejection
      that pair-differencing gives.
 }}
}

@inproceedings{niemack2010,
     author = {
              {Niemack}, M.~D. and {Ade}, P.~A.~R. and {Aguirre}, J. and
              {Barrientos}, F. and {Beall}, J.~A. and {Bond}, J.~R. and
              {Britton}, J. and {Cho}, H.~M. and {Das}, S. and {Devlin}, M.~J.
              and {Dicker}, S. and {Dunkley}, J. and {D{\"u}nner}, R. and
              {Fowler}, J.~W. and {Hajian}, A. and {Halpern}, M. and
              {Hasselfield}, M. and {Hilton}, G.~C. and {Hilton}, M. and
              {Hubmayr}, J. and {Hughes}, J.~P. and {Infante}, L. and {Irwin},
              K.~D. and {Jarosik}, N. and {Klein}, J. and {Kosowsky}, A. and
              {Marriage}, T.~A. and {McMahon}, J. and {Menanteau}, F. and
              {Moodley}, K. and {Nibarger}, J.~P. and {Nolta}, M.~R. and
              {Page}, L.~A. and {Partridge}, B. and {Reese}, E.~D. and
              {Sievers}, J. and {Spergel}, D.~N. and {Staggs}, S.~T. and
              {Thornton}, R. and {Tucker}, C. and {Wollack}, E. and {Yoon},
              K.~W.
              },
      title = "{ACTPol: a polarization-sensitive receiver for the Atacama Cosmology Telescope}",
  booktitle = {{Proceedings of SPIE}},
       year = 2010,
     series = {Society of Photo-Optical Instrumentation Engineers (SPIE) Conference Series},
     volume = 7741,
 eprinttype = {arxiv},
     eprint = {1006.5049},
eprintclass = {astro-ph.IM},
      month = jul,
        eid = {77411S},
        doi = {10.1117/12.857464},
     adsurl = {http://adsabs.harvard.edu/abs/2010SPIE.7741E..1SN},
    adsnote = {Provided by the SAO/NASA Astrophysics Data System}
}

@inproceedings{reichborn2010,
     author = {
              {Reichborn-Kjennerud}, B. and {Aboobaker}, A.~M. and {Ade}, P.
              and {Aubin}, F. and {Baccigalupi}, C. and {Bao}, C. and
              {Borrill}, J. and {Cantalupo}, C. and {Chapman}, D. and {Didier},
              J. and {Dobbs}, M. and {Grain}, J. and {Grainger}, W. and
              {Hanany}, S. and {Hillbrand}, S. and {Hubmayr}, J. and {Jaffe},
              A. and {Johnson}, B. and {Jones}, T. and {Kisner}, T. and
              {Klein}, J. and {Korotkov}, A. and {Leach}, S. and {Lee}, A. and
              {Levinson}, L. and {Limon}, M. and {MacDermid}, K. and
              {Matsumura}, T. and {Meng}, X. and {Miller}, A. and {Milligan},
              M. and {Pascale}, E. and {Polsgrove}, D. and {Ponthieu}, N. and
              {Raach}, K. and {Sagiv}, I. and {Smecher}, G. and {Stivoli}, F.
              and {Stompor}, R. and {Tran}, H. and {Tristram}, M. and {Tucker},
              G.~S. and {Vinokurov}, Y. and {Yadav}, A. and {Zaldarriaga}, M.
              and {Zilic}, K.
              },
      title = "{EBEX: a balloon-borne CMB polarization experiment}",
  booktitle = {{Proceedings of SPIE}},
       year = 2010,
     series = {Society of Photo-Optical Instrumentation Engineers (SPIE) Conference Series},
     volume = 7741,
 eprinttype = {arxiv},
     eprint = {1007.3672},
      month = jul,
        eid = {77411C},
        doi = {10.1117/12.857138},
     adsurl = {http://adsabs.harvard.edu/abs/2010SPIE.7741E..1CR},
    adsnote = {Provided by the SAO/NASA Astrophysics Data System},
 annotation = {{
      The \biceptwo\ results paper used this paper as the reference for
      EBEX, so I repeat here.
 }}
}

@article{planck2011,
%     author = {
%              {Planck Collaboration} and {Ade}, P.~A.~R. and {Aghanim}, N. and
%              {Arnaud}, M. and {Ashdown}, M. and {Aumont}, J. and
%              {Baccigalupi}, C. and {Baker}, M. and {Balbi}, A. and {Banday},
%              A.~J. and et al.
%              },
     author = {{The Planck Collaboration}},
      title = "{\planck\ early results. I. The \planck\ mission}",
    journal = {\aap},
 eprinttype = {arxiv},
     eprint = {1101.2022},
eprintclass = {astro-ph.IM},
   keywords = {planck},
       year = 2011,
      month = dec,
     volume = 536,
        eid = {A1},
      pages = {A1},
        doi = {10.1051/0004-6361/201116464},
     adsurl = {http://adsabs.harvard.edu/abs/2011A%26A...536A...1P},
    adsnote = {Provided by the SAO/NASA Astrophysics Data System},
 annotation = {{
      Provides a broad overview of the \planck\ mission, and was cited in the
      first line of the new 2015 data release.
 }}
}

@article{bleem2012,
     author = {
              {Bleem}, L. and {Ade}, P. and {Aird}, K. and {Austermann}, J. and
              {Beall}, J. and {Becker}, D. and {Benson}, B. and {Britton}, J.
              and {Carlstrom}, J. and {Chang}, C.~L. and {Cho}, H. and {de
              Haan}, T. and {Crawford}, T. and {Crites}, A. and {Datesman}, A.
              and {Dobbs}, M. and {Everett}, W. and {Ewall-Wice}, A. and
              {George}, E. and {Halverson}, N. and {Harrington}, N. and
              {Henning}, J. and {Hilton}, G. and {Holzapfel}, W. and {Hoover},
              S. and {Hubmayr}, J. and {Irwin}, K. and {Keisler}, R. and
              {Kennedy}, J. and {Lee}, A. and {Leitch}, E. and {Li}, D. and
              {Lueker}, M. and {Marrone}, D.~P. and {McMahon}, J. and {Mehl},
              J. and {Meyer}, S. and {Montgomery}, J. and {Montroy}, T. and
              {Natoli}, T. and {Nibarger}, J. and {Niemack}, M. and {Novosad},
              V. and {Padin}, S. and {Pryke}, C. and {Reichardt}, C. and
              {Ruhl}, J. and {Saliwanchik}, B. and {Sayre}, J. and {Schafer},
              K. and {Shirokoff}, E. and {Story}, K. and {Vanderlinde}, K. and
              {Vieira}, J. and {Wang}, G. and {Williamson}, R. and
              {Yefremenko}, V. and {Yoon}, K.~W. and {Young}, E.
              },
      title = "{An Overview of the SPTpol Experiment}",
    journal = {Journal of Low Temperature Physics},
   keywords = {spt},
       year = 2012,
      month = jun,
     volume = 167,
      pages = {859-864},
        doi = {10.1007/s10909-012-0505-y},
     adsurl = {http://adsabs.harvard.edu/abs/2012JLTP..167..859B},
    adsnote = {Provided by the SAO/NASA Astrophysics Data System},
 annotation = {{
      Paper providing overview of the SPTpol experiment.
 }}
}

@inproceedings{kermish2012,
     author = {
              {Kermish}, Z.~D. and {Ade}, P. and {Anthony}, A. and {Arnold}, K.
              and {Barron}, D. and {Boettger}, D. and {Borrill}, J. and
              {Chapman}, S. and {Chinone}, Y. and {Dobbs}, M.~A. and {Errard},
              J. and {Fabbian}, G. and {Flanigan}, D. and {Fuller}, G. and
              {Ghribi}, A. and {Grainger}, W. and {Halverson}, N. and
              {Hasegawa}, M. and {Hattori}, K. and {Hazumi}, M. and
              {Holzapfel}, W.~L. and {Howard}, J. and {Hyland}, P. and {Jaffe},
              A. and {Keating}, B. and {Kisner}, T. and {Lee}, A.~T. and {Le
              Jeune}, M. and {Linder}, E. and {Lungu}, M. and {Matsuda}, F. and
              {Matsumura}, T. and {Meng}, X. and {Miller}, N.~J. and {Morii},
              H. and {Moyerman}, S. and {Myers}, M.~J. and {Nishino}, H. and
              {Paar}, H. and {Quealy}, E. and {Reichardt}, C.~L. and
              {Richards}, P.~L. and {Ross}, C. and {Shimizu}, A. and {Shimon},
              M. and {Shimmin}, C. and {Sholl}, M. and {Siritanasak}, P. and
              {Spieler}, H. and {Stebor}, N. and {Steinbach}, B. and {Stompor},
              R. and {Suzuki}, A. and {Tomaru}, T. and {Tucker}, C. and {Zahn},
              O.
              },
      title = "{The POLARBEAR experiment}",
  booktitle = {{Proceedings of SPIE}},
       year = 2012,
     series = {Society of Photo-Optical Instrumentation Engineers (SPIE) Conference Series},
     volume = 8452,
 eprinttype = {arXiv},
     eprint = {1210.7768},
eprintclass = {astro-ph.IM},
      month = sep,
        eid = {84521C},
        doi = {10.1117/12.926354},
     adsurl = {http://adsabs.harvard.edu/abs/2012SPIE.8452E..1CK},
    adsnote = {Provided by the SAO/NASA Astrophysics Data System},
 annotation = {{
      Describes the first iteration of the POLARBEAR experiment; see also
      \cite{tomaru2012} for description of POLARBEAR-2.
 }}
}

@inproceedings{tomaru2012,
     author = {
              {Tomaru}, T. and {Hazumi}, M. and {Lee}, A.~T. and {Ade}, P. and
              {Arnold}, K. and {Barron}, D. and {Borrill}, J. and {Chapman}, S.
              and {Chinone}, Y. and {Dobbs}, M. and {Errard}, J. and {Fabbian},
              G. and {Ghribi}, A. and {Grainger}, W. and {Halverson}, N. and
              {Hasegawa}, M. and {Hattori}, K. and {Holzapfel}, W.~L. and
              {Inoue}, Y. and {Ishii}, S. and {Kaneko}, Y. and {Keating}, B.
              and {Kermish}, Z. and {Kimura}, N. and {Kisner}, T. and {Kranz},
              W. and {Matsuda}, F. and {Matsumura}, T. and {Morii}, H. and
              {Myers}, M.~J. and {Nishino}, H. and {Okamura}, T. and {Quealy},
              E. and {Reichardt}, C.~L. and {Richards}, P.~L. and {Rosen}, D.
              and {Ross}, C. and {Shimizu}, A. and {Sholl}, M. and
              {Siritanasak}, P. and {Smith}, P. and {Stebor}, N. and {Stompor},
              R. and {Suzuki}, A. and {Suzuki}, J.-i. and {Takada}, S. and
              {Tanaka}, K.-i. and {Zahn}, O.
              },
      title = "{The POLARBEAR-2 experiment}",
  booktitle = {{Proceedings of SPIE}},
       year = 2012,
     series = {Society of Photo-Optical Instrumentation Engineers (SPIE) Conference Series},
     volume = 8452,
      month = sep,
        eid = {84521H},
        doi = {10.1117/12.926158},
     adsurl = {http://adsabs.harvard.edu/abs/2012SPIE.8452E..1HT},
    adsnote = {Provided by the SAO/NASA Astrophysics Data System},
 annotation = {{
      Describes the second iteration of the POLARBEAR experiment; see also
      \cite{kermish2012} for description of POLARBEAR-1.
 }}
}

@article{fraisse2013,
     author = {
              {Fraisse}, A.~A. and {Ade}, P.~A.~R. and {Amiri}, M. and
              {Benton}, S.~J. and {Bock}, J.~J. and {Bond}, J.~R. and
              {Bonetti}, J.~A. and {Bryan}, S. and {Burger}, B. and {Chiang},
              H.~C. and {Clark}, C.~N. and {Contaldi}, C.~R. and {Crill}, B.~P.
              and {Davis}, G. and {Dor{\'e}}, O. and {Farhang}, M. and
              {Filippini}, J.~P. and {Fissel}, L.~M. and {Gandilo}, N.~N. and
              {Golwala}, S. and {Gudmundsson}, J.~E. and {Hasselfield}, M. and
              {Hilton}, G. and {Holmes}, W. and {Hristov}, V.~V. and {Irwin},
              K. and {Jones}, W.~C. and {Kuo}, C.~L. and {MacTavish}, C.~J. and
              {Mason}, P.~V. and {Montroy}, T.~E. and {Morford}, T.~A. and
              {Netterfield}, C.~B. and {O'Dea}, D.~T. and {Rahlin}, A.~S. and
              {Reintsema}, C. and {Ruhl}, J.~E. and {Runyan}, M.~C. and
              {Schenker}, M.~A. and {Shariff}, J.~A. and {Soler}, J.~D. and
              {Trangsrud}, A. and {Tucker}, C. and {Tucker}, R.~S. and
              {Turner}, A.~D. and {Wiebe}, D.
              },
      title = "{SPIDER: probing the early Universe with a suborbital polarimeter}",
    journal = {\jcap},
 eprinttype = {arxiv},
     eprint = {1106.3087},
eprintclass = {astro-ph.CO},
       year = 2013,
      month = apr,
     volume = 4,
        eid = {047},
      pages = {47},
        doi = {10.1088/1475-7516/2013/04/047},
     adsurl = {http://adsabs.harvard.edu/abs/2013JCAP...04..047F},
    adsnote = {Provided by the SAO/NASA Astrophysics Data System},
 annotation = {{
      Paper that describes the SPIDER experiment.
 }}
}

@article{planck2013_i,
%     author = {
%              {Planck Collaboration} and {Ade}, P.~A.~R. and {Aghanim}, N. and
%              {Alves}, M.~I.~R. and {Armitage-Caplan}, C. and {Arnaud}, M. and
%              {Ashdown}, M. and {Atrio-Barandela}, F. and {Aumont}, J. and
%              {Aussel}, H. and et al.
%              },
     author = {{Planck Collaboration}},
shortauthor = {{Planck 2013~I}},
      title = "{Planck 2013 results. I. Overview of products and scientific results}",
    journal = {\aap},
 eprinttype = {arxiv},
     eprint = {1303.5062},
   keywords = {planck},
       year = 2014,
      month = nov,
     volume = 571,
        eid = {A1},
      pages = {A1},
        doi = {10.1051/0004-6361/201321529},
     adsurl = {http://adsabs.harvard.edu/abs/2014A%26A...571A...1P},
    adsnote = {Provided by the SAO/NASA Astrophysics Data System},
 annotation = {{
      Planck's summary of the 2013 data release.
 }}
}

@collection{pdg2014,
     author = {{Olive}, K.~A. and {Particle Data Group}},
      title = "{Review of Particle Physics}",
    journal = {Chinese Physics C},
       year = 2014,
      month = aug,
     volume = 38,
     number = 9,
        eid = {090001},
      pages = {090001},
        doi = {10.1088/1674-1137/38/9/090001},
     adsurl = {http://adsabs.harvard.edu/abs/2014ChPhC..38i0001O},
    adsnote = {Provided by the SAO/NASA Astrophysics Data System}
}
@incollection{lahav2014,
     author = {{Lahav}, O. and {Liddle}, A.~R},
      title = "{The Cosmological Parameters}",
   crossref = {pdg2014},
 eprinttype = {arxiv},
     eprint = {1401.1389},
eprintclass = {astro-ph.CO},
   keywords = {cosmology},
       year = 2014,
      month = jan,
     adsurl = {http://adsabs.harvard.edu/abs/2014arXiv1401.1389L},
    adsnote = {Provided by the SAO/NASA Astrophysics Data System},
 annotation = {{
      Review of cosmology included in the Particle Data Book \cite{pdg2014}.
      Far less detailed than \cite{bartelmann2010}, but includes more
      up-to-date summaries of current best values for cosmological parameters.
 }}
}
@incollection{scott2014,
     author = {{Scott}, D. and {Smoot}, G.~F},
      title = "{Cosmic Microwave Background}",
   crossref = {pdg2014},
   keywords = {cosmology},
       year = 2014,
      month = jan,
 annotation = {{
      Review of the CMB included in the Particle Data Book \cite{pdg2014}.
 }}
}

@article{peebles2014,
     author = {{Peebles}, P.~J.~E.},
      title = "{Discovery of the hot Big Bang: What happened in 1948}",
    journal = {European Physical Journal H},
 eprinttype = {arxiv},
     eprint = {1310.2146},
       year = 2014,
      month = apr,
     volume = 39,
      pages = {205-223},
        doi = {10.1140/epjh/e2014-50002-y},
     adsurl = {http://adsabs.harvard.edu/abs/2014EPJH...39..205P},
    adsnote = {Provided by the SAO/NASA Astrophysics Data System},
 annotation = {{
      Provides a summary of the development of prediction of the CMB by
      Alpher, Gammow, and Herman in their research on [an early form of]
      Big Bang nucleosynthesis (e.g. \cite{alpher1948}).
 }}
}

@article{planck2015_i,
%     author = {
%              {Planck Collaboration} and {Adam}, R. and {Ade}, P.~A.~R. and
%              {Aghanim}, N. and {Akrami}, Y. and {Alves}, M.~I.~R. and
%              {Arnaud}, M. and {Arroja}, F. and {Aumont}, J. and {Baccigalupi},
%              C. and others },
     author = {{Planck Collaboration}},
shortauthor = {{Planck 2015~I}},
      title = "{\planck\ 2015 results. I. Overview of products and scientific results}",
 eprinttype = {arxiv},
     eprint = {1502.01582},
   keywords = {planck},
       year = 2015,
      month = feb,
     adsurl = {http://adsabs.harvard.edu/abs/2015arXiv150201582P},
    adsnote = {Provided by the SAO/NASA Astrophysics Data System},
 annotation = {{
      Planck's summary of the 2015 data release.
 }}
}

@article{bunn2016,
     author = {
              {Bunn}, E.~F. and {Wandelt}, B.
              },
      title = "{Pure E and B polarization maps via Weiner filtering}",
    journal = {arXiv e-prints},
 eprinttype = {arxiv},
     eprint = {1610.03345v1},
       year = 2016,
      month = oct,
     adsurl = {http://adsabs.harvard.edu/abs/2016arXiv161003345B},
    adsnote = {Provided by the SAO/NASA Astrophysics Data System},
   keywords = {matrix},
 annotation = {{
     Update to \cite{bunn2003} which removes the need for the costly
     eigensystem solution and replaces it with a Weiner filtering
     process making use of the noise and signal covariance matrices.
     As of Feb 2017, it's unclear to me whether (1) a theory cov mat is
     sufficient or if an observed cov mat is needed; (2) how sensitive the
     purification is to the exact assumed covariance spectrum.
 }}
}

@article{cmbs4_scibook,
     author = {
               {Abazajian}, K.~N. and {Adshead}, P. and {Ahmed}, Z. and
               {Allen}, S.~W. and {Alonso}, D. and {Arnold}, K.~S. and
               {Baccigalupi}, C.  and {Bartlett}, J.~G. and {Battaglia}, N. and
               {Benson}, B.~A.  and {Bischoff}, C.~A. and {Borrill}, J. and
               {Buza}, V. and {Calabrese}, E. and {Caldwell}, R. and
               {Carlstrom}, J.~E. and {Chang}, C.~L. and {Crawford}, T.~M. and
               {Cyr-Racine}, F.-Y. and {De Bernardis}, F. and {de Haan}, T. and
               {di Serego Alighieri}, S.  and {Dunkley}, J. and {Dvorkin}, C.
               and {Errard}, J. and {Fabbian}, G. and {Feeney}, S. and
               {Ferraro}, S. and {Filippini}, J.~P. and {Flauger}, R. and
               {Fuller}, G.~M. and {Gluscevic}, V. and {Green}, D. and {Grin},
               D. and {Grohs}, E. and {Henning}, J.~W. and {Hill}, J.~C. and
               {Hlozek}, R. and {Holder}, G. and {Holzapfel}, W. and {Hu}, W.
               and {Huffenberger}, K.~M. and {Keskitalo}, R. and {Knox}, L. and
               {Kosowsky}, A.  and {Kovac}, J. and {Kovetz}, E.~D. and {Kuo},
               C.-L. and {Kusaka}, A. and {Le Jeune}, M. and {Lee}, A.~T. and
               {Lilley}, M. and {Loverde}, M. and {Madhavacheril}, M.~S. and
               {Mantz}, A. and {Marsh}, D.~J.~E. and {McMahon}, J. and
               {Meerburg}, P.~D. and {Meyers}, J. and {Miller}, A.~D. and
               {Munoz}, J.~B. and {Nguyen}, H.~N. and {Niemack}, M.~D. and
               {Peloso}, M. and {Peloton}, J. and {Pogosian}, L. and {Pryke},
               C.  and {Raveri}, M. and {Reichardt}, C.~L. and {Rocha}, G. and
               {Rotti}, A. and {Schaan}, E. and {Schmittfull}, M.~M. and
               {Scott}, D. and {Sehgal}, N. and {Shandera}, S. and {Sherwin},
               B.~D.  and {Smith}, T.~L. and {Sorbo}, L. and {Starkman}, G.~D.
               and {Story}, K.~T. and {van Engelen}, A. and {Vieira}, J.~D. and
               {Watson}, S. and {Whitehorn}, N. and {Kimmy Wu}, W.~L.
             },
      title = "{CMB-S4 Science Book, First Edition}",
    journal = {ArXiv e-prints},
 eprinttype = {arxiv},
     eprint = {1610.02743},
   keywords = {cmbs4},
       year = 2016,
      month = oct,
     adsurl = {http://adsabs.harvard.edu/abs/2016arXiv161002743A},
    adsnote = {Provided by the SAO/NASA Astrophysics Data System}
}

@article{cmbs4_techbook,
     author = {
               {Abitbol}, M.~H. and {Ahmed}, Z. and {Barron}, D. and {Basu
               Thakur}, R. and {Bender}, A.~N. and {Benson}, B.~A. and
               {Bischoff}, C.~A. and {Bryan}, S.~A. and {Carlstrom}, J.~E. and
               {Chang}, C.~L. and {Chuss}, D.~T. and {Crowley}, K.~T. and
               {Cukierman}, A. and {de Haan}, T. and {Dobbs}, M. and
               {Essinger-Hileman}, T. and {Filippini}, J.~P. and {Ganga}, K.
               and {Gudmundsson}, J.~E. and {Halverson}, N.~W. and {Hanany}, S.
               and {Henderson}, S.~W. and {Hill}, C.~A. and {Ho}, S.-P.~P. and
               {Hubmayr}, J. and {Irwin}, K. and {Jeong}, O. and {Johnson},
               B.~R. and {Kernasovskiy}, S.~A. and {Kovac}, J.~M. and {Kusaka},
               A. and {Lee}, A.~T. and {Maria}, S. and {Mauskopf}, P. and
               {McMahon}, J.~J. and {Moncelsi}, L. and {Nadolski}, A.~W. and
               {Nagy}, J.~M. and {Niemack}, M.~D. and {O'Brient}, R.~C. and
               {Padin}, S. and {Parshley}, S.~C. and {Pryke}, C. and {Roe},
               N.~A. and {Rostem}, K. and {Ruhl}, J. and {Simon}, S.~M. and
               {Staggs}, S.~T. and {Suzuki}, A. and {Switzer}, E.~R. and
               {Tajima}, O. and {Thompson}, K.~L. and {Timbie}, P. and
               {Tucker}, G.~S. and {Vieira}, J.~D. and {Vieregg}, A.~G. and
               {Westbrook}, B. and {Wollack}, E.~J. and {Yoon}, K.~W. and
               {Young}, K.~S. and {Young}, E.~Y.
              },
      title = "{CMB-S4 Technology Book, First Edition}",
    journal = {ArXiv e-prints},
 eprinttype = {arXiv},
     eprint = {1706.02464},
eprintclass = {astro-ph.IM},
   keywords = {cmbs4},
       year = 2017,
      month = jun,
     adsurl = {http://adsabs.harvard.edu/abs/2017arXiv170602464A},
    adsnote = {Provided by the SAO/NASA Astrophysics Data System}
}

@article{vansyngel2017,
     author = {
               {Vansyngel}, F. and {Boulanger}, F. and {Ghosh}, T. and
               {Wandelt}, B. and {Aumont}, J. and {Bracco}, A. and {Levrier},
               F. and {Martin}, P.~G. and {Montier}, L.
              },
      title = "{Statistical simulations of the dust foreground to cosmic microwave background polarization}",
    journal = {\aap},
 eprinttype = {arxiv},
     eprint = {1611.02577},
   keywords = {dust,decorrelation},
       year = 2017,
      month = jul,
     volume = 603,
        eid = {A62},
      pages = {A62},
        doi = {10.1051/0004-6361/201629992},
     adsurl = {http://adsabs.harvard.edu/abs/2017A%26A...603A..62V},
    adsnote = {Provided by the SAO/NASA Astrophysics Data System}
}



@ARTICLE{bicep2,
   author = {{BICEP2 Collaboration} and {Ade}, P.~A.~R. and {Aikin}, R.~W. and 
	{Amiri}, M. and {Barkats}, D. and {Benton}, S.~J. and {Bischoff}, C.~A. and 
	{Bock}, J.~J. and {Brevik}, J.~A. and {Buder}, I. and {Bullock}, E. and 
	{Davis}, G. and {Day}, P.~K. and {Dowell}, C.~D. and {Duband}, L. and 
	{Filippini}, J.~P. and {Fliescher}, S. and {Golwala}, S.~R. and 
	{Halpern}, M. and {Hasselfield}, M. and {Hildebrandt}, S.~R. and 
	{Hilton}, G.~C. and {Irwin}, K.~D. and {Karkare}, K.~S. and 
	{Kaufman}, J.~P. and {Keating}, B.~G. and {Kernasovskiy}, S.~A. and 
	{Kovac}, J.~M. and {Kuo}, C.~L. and {Leitch}, E.~M. and {Llombart}, N. and 
	{Lueker}, M. and {Netterfield}, C.~B. and {Nguyen}, H.~T. and 
	{O'Brient}, R. and {Ogburn}, IV, R.~W. and {Orlando}, A. and 
	{Pryke}, C. and {Reintsema}, C.~D. and {Richter}, S. and {Schwarz}, R. and 
	{Sheehy}, C.~D. and {Staniszewski}, Z.~K. and {Story}, K.~T. and 
	{Sudiwala}, R.~V. and {Teply}, G.~P. and {Tolan}, J.~E. and 
	{Turner}, A.~D. and {Vieregg}, A.~G. and {Wilson}, P. and {Wong}, C.~L. and 
	{Yoon}, K.~W.},
    title = "{BICEP2. II. Experiment and three-year Data Set}",
  journal = {\apj},
archivePrefix = "arXiv",
   eprint = {1403.4302},
 keywords = {cosmic background radiation, cosmology: observations, gravitational waves, inflation, instrumentation: polarimeters, telescopes },
     year = 2014,
    month = sep,
   volume = 792,
      eid = {62},
    pages = {62},
      doi = {10.1088/0004-637X/792/1/62},
   adsurl = {http://adsabs.harvard.edu/abs/2014ApJ...792...62B},
  adsnote = {Provided by the SAO/NASA Astrophysics Data System}
	annotation{ \bicep2 paper describing experiment and three year data set. Pre-results}
}




